@article{mahadevan2003effects,
  title={The effects of alternate optimal solutions in constraint-based genome-scale metabolic models},
  author={Mahadevan, R and Schilling, CH},
  journal={Metabolic engineering},
  volume={5},
  number={4},
  pages={264--276},
  year={2003},
  publisher={Elsevier}
}
@article{varma1994stoichiometric,
  title={Stoichiometric flux balance models quantitatively predict growth and metabolic by-product secretion in wild-type Escherichia coli W3110.},
  author={Varma, Amit and Palsson, Bernhard O},
  journal={Applied and environmental microbiology},
  volume={60},
  number={10},
  pages={3724--3731},
  year={1994},
  publisher={Am Soc Microbiol}
}
@article{mahadevan2002dynamic,
  title={Dynamic flux balance analysis of diauxic growth in Escherichia coli},
  author={Mahadevan, Radhakrishnan and Edwards, Jeremy S and Doyle, Francis J},
  journal={Biophysical journal},
  volume={83},
  number={3},
  pages={1331--1340},
  year={2002},
  publisher={Elsevier}
}
@article{zhuang2011genome,
  title={Genome-scale dynamic modeling of the competition between Rhodoferax and Geobacter in anoxic subsurface environments},
  author={Zhuang, Kai and Izallalen, Mounir and Mouser, Paula and Richter, Hanno and Risso, Carla and Mahadevan, Radhakrishnan and Lovley, Derek R},
  journal={The ISME journal},
  volume={5},
  number={2},
  pages={305},
  year={2011},
  publisher={Nature Publishing Group}
}
@article{covert2008integrating,
  title={Integrating metabolic, transcriptional regulatory and signal transduction models in Escherichia coli},
  author={Covert, Markus W and Xiao, Nan and Chen, Tiffany J and Karr, Jonathan R},
  journal={Bioinformatics},
  volume={24},
  number={18},
  pages={2044--2050},
  year={2008},
  publisher={Oxford University Press}
}
@article{karr2012whole,
  title={A whole-cell computational model predicts phenotype from genotype},
  author={Karr, Jonathan R and Sanghvi, Jayodita C and Macklin, Derek N and Gutschow, Miriam V and Jacobs, Jared M and Bolival, Benjamin and Assad-Garcia, Nacyra and Glass, John I and Covert, Markus W},
  journal={Cell},
  volume={150},
  number={2},
  pages={389--401},
  year={2012},
  publisher={Elsevier}
}
@article{hanly2011dynamic,
  title={Dynamic flux balance modeling of microbial co-cultures for efficient batch fermentation of glucose and xylose mixtures},
  author={Hanly, Timothy J and Henson, Michael A},
  journal={Biotechnology and bioengineering},
  volume={108},
  number={2},
  pages={376--385},
  year={2011},
  publisher={Wiley Online Library}
}
@article{gomez2014dfbalab,
  title={DFBAlab: a fast and reliable MATLAB code for dynamic flux balance analysis},
  author={Gomez, Jose A and H{\"o}ffner, Kai and Barton, Paul I},
  journal={BMC bioinformatics},
  volume={15},
  number={1},
  pages={409},
  year={2014},
  publisher={BioMed Central}
}
@article{hoffner2013reliable,
  title={A reliable simulator for dynamic flux balance analysis},
  author={H{\"o}ffner, Kai and Harwood, Stuart M and Barton, Paul I},
  journal={Biotechnology and bioengineering},
  volume={110},
  number={3},
  pages={792--802},
  year={2013},
  publisher={Wiley Online Library}
}
@article{krauss2012integrating,
  title={Integrating cellular metabolism into a multiscale whole-body model},
  author={Krauss, Markus and Schaller, Stephan and Borchers, Steffen and Findeisen, Rolf and Lippert, J{\"o}rg and Kuepfer, Lars},
  journal={PLoS computational biology},
  volume={8},
  number={10},
  pages={e1002750},
  year={2012},
  publisher={Public Library of Science}
}
@article{iyengar2012merging,
  title={Merging systems biology with pharmacodynamics},
  author={Iyengar, Ravi and Zhao, Shan and Chung, Seung-Wook and Mager, Donald E and Gallo, James M},
  journal={Science translational medicine},
  volume={4},
  number={126},
  pages={126ps7--126ps7},
  year={2012},
  publisher={American Association for the Advancement of Science}
}
@article{willemsen2015metdfba,
  title={MetDFBA: incorporating time-resolved metabolomics measurements into dynamic flux balance analysis},
  author={Willemsen, A Marcel and Hendrickx, Diana M and Hoefsloot, Huub CJ and Hendriks, Margriet MWB and Wahl, S Aljoscha and Teusink, Bas and Smilde, Age K and van Kampen, Antoine HC},
  journal={Molecular BioSystems},
  volume={11},
  number={1},
  pages={137--145},
  year={2015},
  publisher={Royal Society of Chemistry}
}
@article{guebila2016model,
  title={Model-based dietary optimization for late-stage, levodopa-treated, Parkinson’s disease patients},
  author={Guebila, Marouen Ben and Thiele, Ines},
  journal={NPJ Systems Biology and Applications},
  volume={2},
  pages={16013},
  year={2016},
  publisher={Nature Publishing Group}
}
@inproceedings{wadehn2016multiscale,
  title={A multiscale, model-based analysis of the multi-tissue interplay underlying blood glucose regulation in type I diabetes},
  author={Wadehn, Federico and Schaller, Stephan and Eissing, Thomas and Krauss, Markus and K{\"u}pfer, Lars},
  booktitle={Engineering in Medicine and Biology Society (EMBC), 2016 IEEE 38th Annual International Conference of the},
  pages={1417--1421},
  year={2016},
  organization={IEEE}
}
@article{toroghi2016multiscale,
  title={Multiscale Metabolic Modeling Approach for Predicting Blood Alcohol Concentration},
  author={Toroghi, Masood Khaksar and Cluett, William R and Mahadevan, Radhakrishnan},
  journal={IEEE Life Sciences Letters},
  volume={2},
  number={4},
  pages={59--62},
  year={2016},
  publisher={IEEE}
}
@article{toroghi2016multi,
  title={A multi-scale model of the whole human body based on dynamic parsimonious flux balance analysis},
  author={Toroghi, Masood Khaksar and Cluett, William R and Mahadevan, Radhakrishnan},
  journal={IFAC-PapersOnLine},
  volume={49},
  number={7},
  pages={937--942},
  year={2016},
  publisher={Elsevier}
}
@article{upton2014basic,
  title={Basic concepts in population modeling, simulation, and Model-Based drug development: Part 3—Introduction to pharmacodynamic modeling methods},
  author={Upton, RN and Mould, DR},
  journal={CPT: pharmacometrics \& systems pharmacology},
  volume={3},
  number={1},
  pages={1--16},
  year={2014},
  publisher={Wiley Online Library}
}
@article{sheiner1979simultaneous,
  title={Simultaneous modeling of pharmacokinetics and pharmacodynamics: application to d-tubocurarine},
  author={Sheiner, Lewis B and Stanski, Donald R and Vozeh, Samuel and Miller, Ronald D and Ham, Jay},
  journal={Clinical Pharmacology \& Therapeutics},
  volume={25},
  number={3},
  pages={358--371},
  year={1979},
  publisher={Wiley Online Library}
}
@article{sharma1998characteristics,
  title={Characteristics of indirect pharmacodynamic models and applications to clinical drug responses},
  author={Sharma, Amarnath and Jusko, William J},
  journal={British journal of clinical pharmacology},
  volume={45},
  number={3},
  pages={229--239},
  year={1998},
  publisher={Wiley Online Library}
}
@article{duarte2007global,
  title={Global reconstruction of the human metabolic network based on genomic and bibliomic data},
  author={Duarte, Natalie C and Becker, Scott A and Jamshidi, Neema and Thiele, Ines and Mo, Monica L and Vo, Thuy D and Srivas, Rohith and Palsson, Bernhard {\O}},
  journal={Proceedings of the National Academy of Sciences},
  volume={104},
  number={6},
  pages={1777--1782},
  year={2007},
  publisher={National Acad Sciences}
}
@article{thiele2013community,
  title={A community-driven global reconstruction of human metabolism},
  author={Thiele, Ines and Swainston, Neil and Fleming, Ronan MT and Hoppe, Andreas and Sahoo, Swagatika and Aurich, Maike K and Haraldsdottir, Hulda and Mo, Monica L and Rolfsson, Ottar and Stobbe, Miranda D and others},
  journal={Nature biotechnology},
  volume={31},
  number={5},
  pages={419--425},
  year={2013},
  publisher={Nature Research}
}
@article{thiele2010protocol,
  title={A protocol for generating a high-quality genome-scale metabolic reconstruction},
  author={Thiele, Ines and Palsson, Bernhard {\O}},
  journal={Nature protocols},
  volume={5},
  number={1},
  pages={93--121},
  year={2010},
  publisher={Nature Publishing Group}
}
@article{swainston2016recon,
  title={Recon 2.2: from reconstruction to model of human metabolism},
  author={Swainston, Neil and Smallbone, Kieran and Hefzi, Hooman and Dobson, Paul D and Brewer, Judy and Hanscho, Michael and Zielinski, Daniel C and Ang, Kok Siong and Gardiner, Natalie J and Gutierrez, Jahir M and others},
  journal={Metabolomics},
  volume={12},
  number={7},
  pages={1--7},
  year={2016},
  publisher={Springer}
}
@article{schultz2016reconstruction,
  title={Reconstruction of tissue-specific metabolic networks using CORDA},
  author={Schultz, Andr{\'e} and Qutub, Amina A},
  journal={PLoS computational biology},
  volume={12},
  number={3},
  pages={e1004808},
  year={2016},
  publisher={Public Library of Science}
}
@article{stempler2014integrating,
  title={Integrating transcriptomics with metabolic modeling predicts biomarkers and drug targets for Alzheimer's disease},
  author={Stempler, Shiri and Yizhak, Keren and Ruppin, Eytan},
  journal={PLoS One},
  volume={9},
  number={8},
  pages={e105383},
  year={2014},
  publisher={Public Library of Science}
}
@article{folger2011predicting,
  title={Predicting selective drug targets in cancer through metabolic networks},
  author={Folger, Ori and Jerby, Livnat and Frezza, Christian and Gottlieb, Eyal and Ruppin, Eytan and Shlomi, Tomer},
  journal={Molecular systems biology},
  volume={7},
  number={1},
  pages={501},
  year={2011},
  publisher={EMBO Press}
}
@article{thiele2005candidate,
  title={Candidate metabolic network states in human mitochondria impact of diabetes, ischemia, and diet},
  author={Thiele, Ines and Price, Nathan D and Vo, Thuy D and Palsson, Bernhard {\O}},
  journal={Journal of Biological Chemistry},
  volume={280},
  number={12},
  pages={11683--11695},
  year={2005},
  publisher={ASBMB}
}
@article{oberhardt2013metabolically,
  title={Metabolically re-modeling the drug pipeline},
  author={Oberhardt, Matthew A and Yizhak, Keren and Ruppin, Eytan},
  journal={Current opinion in pharmacology},
  volume={13},
  number={5},
  pages={778--785},
  year={2013},
  publisher={Elsevier}
}
@article{van2011systems,
  title={Systems pharmacology: bridging systems biology and pharmacokinetics-pharmacodynamics (PKPD) in drug discovery and development},
  author={van der Graaf, Piet H and Benson, Neil},
  journal={Pharmaceutical research},
  volume={28},
  number={7},
  pages={1460--1464},
  year={2011},
  publisher={Springer}
}
@article{camargo2014molecular,
  title={The molecular mechanism of intestinal levodopa absorption and its possible implications for the treatment of Parkinson’s disease},
  author={Camargo, Simone MR and Vuille-dit-Bille, Raphael N and Mariotta, Luca and Ramadan, Tamara and Huggel, Katja and Singer, Dustin and G{\"o}tze, Oliver and Verrey, Fran{\c{c}}ois},
  journal={Journal of Pharmacology and Experimental Therapeutics},
  volume={351},
  number={1},
  pages={114--123},
  year={2014},
  publisher={ASPET}
}
@article{nagashima2016effects,
  title={Effects of soybean ingestion on pharmacokinetics of levodopa and motor symptoms of Parkinson's disease—In relation to the effects of Mucuna pruriens},
  author={Nagashima, Yasuhiro and Kondo, Tomoyoshi and Sakata, Mayumi and Koh, Jinsoo and Ito, Hidefumi},
  journal={Journal of the neurological sciences},
  volume={361},
  pages={229--234},
  year={2016},
  publisher={Elsevier}
}
@article{schaller2013generic,
  title={A generic integrated physiologically based whole-body model of the glucose-insulin-glucagon regulatory system},
  author={Schaller, S and Willmann, S and Lippert, J and Schaupp, L and Pieber, TR and Schuppert, A and Eissing, T},
  journal={CPT: pharmacometrics \& systems pharmacology},
  volume={2},
  number={8},
  pages={1--10},
  year={2013},
  publisher={Wiley Online Library}
}
@article{davis2017availability,
  title={Availability of evidence of benefits on overall survival and quality of life of cancer drugs approved by European Medicines Agency: retrospective cohort study of drug approvals 2009-13},
  author={Davis, Courtney and Naci, Huseyin and Gurpinar, Evrim and Poplavska, Elita and Pinto, Ashlyn and Aggarwal, Ajay},
  journal={bmj},
  volume={359},
  pages={j4530},
  year={2017},
  publisher={British Medical Journal Publishing Group}
}
@article{voight2012plasma,
  title={Plasma HDL cholesterol and risk of myocardial infarction: a mendelian randomisation study},
  author={Voight, Benjamin F and Peloso, Gina M and Orho-Melander, Marju and Frikke-Schmidt, Ruth and Barbalic, Maja and Jensen, Majken K and Hindy, George and H{\'o}lm, Hilma and Ding, Eric L and Johnson, Toby and others},
  journal={The Lancet},
  volume={380},
  number={9841},
  pages={572--580},
  year={2012},
  publisher={Elsevier}
}
@article{ringel2013does,
  title={Does size matter in R\&D productivity? If not, what does?},
  author={Ringel, Michael and Tollman, Peter and Hersch, Greg and Schulze, Ulrik},
  journal={Nature Reviews Drug Discovery},
  volume={12},
  number={12},
  pages={901--902},
  year={2013},
  publisher={Nature Research}
}
@article{keseru2009influence,
  title={The influence of lead discovery strategies on the properties of drug candidates},
  author={Keser{\"u}, Gy{\"o}rgy M and Makara, Gergely M},
  journal={nature reviews Drug Discovery},
  volume={8},
  number={3},
  pages={203--212},
  year={2009},
  publisher={Nature Publishing Group}
}
@book{hubbard2006structure,
  title={Structure-based drug discovery: an overview},
  author={Hubbard, Roderick E},
  volume={3},
  year={2006},
  publisher={Royal Society of Chemistry}
}
@article{lander2001initial,
  title={Initial sequencing and analysis of the human genome},
  author={Lander, Eric S and Linton, Lauren M and Birren, Bruce and Nusbaum, Chad and Zody, Michael C and Baldwin, Jennifer and Devon, Keri and Dewar, Ken and Doyle, Michael and FitzHugh, William and others},
  journal={Nature},
  volume={409},
  number={6822},
  pages={860--921},
  year={2001},
  publisher={Nature Publishing Group}
}
@article{lamb2006connectivity,
  title={The Connectivity Map: using gene-expression signatures to connect small molecules, genes, and disease},
  author={Lamb, Justin and Crawford, Emily D and Peck, David and Modell, Joshua W and Blat, Irene C and Wrobel, Matthew J and Lerner, Jim and Brunet, Jean-Philippe and Subramanian, Aravind and Ross, Kenneth N and others},
  journal={science},
  volume={313},
  number={5795},
  pages={1929--1935},
  year={2006},
  publisher={American Association for the Advancement of Science}
}
@article{subramanian2017next,
  title={A Next Generation Connectivity Map: L1000 Platform And The First 1,000,000 Profiles},
  author={Subramanian, Aravind and Narayan, Rajiv and Corsello, Steven M and Peck, David D and Natoli, Ted E and Lu, Xiaodong and Gould, Joshua and Davis, John F and Tubelli, Andrew A and Asiedu, Jacob K and others},
  journal={bioRxiv},
  pages={136168},
  year={2017},
  publisher={Cold Spring Harbor Labs Journals}
}
@article{campillos2008drug,
  title={Drug target identification using side-effect similarity},
  author={Campillos, Monica and Kuhn, Michael and Gavin, Anne-Claude and Jensen, Lars Juhl and Bork, Peer},
  journal={Science},
  volume={321},
  number={5886},
  pages={263--266},
  year={2008},
  publisher={American Association for the Advancement of Science}
}
@article{lennernas1998human,
  title={Human intestinal permeability},
  author={Lennern{\"a}s, Hans},
  journal={Journal of pharmaceutical sciences},
  volume={87},
  number={4},
  pages={403--410},
  year={1998},
  publisher={Wiley Online Library}
}
@article{brooks2008optimizing,
  title={Optimizing levodopa therapy for Parkinson’s disease with levodopa/carbidopa/entacapone: implications from a clinical and patient perspective},
  author={Brooks, David J},
  journal={Neuropsychiatric disease and treatment},
  volume={4},
  number={1},
  pages={39},
  year={2008},
  publisher={Dove Press}
}
@article{fahn2015levodopa,
  title={Levodopa: 50 years of a revolutionary drug for Parkinson disease},
  author={Fahn, Stanley and Poewe, Werner},
  journal={Movement Disorders},
  volume={30},
  number={1},
  pages={1--3},
  year={2015},
  publisher={Wiley Online Library}
}
@article{nutt1984off,
  title={The on--off phenomenon in Parkinson's disease: relation to levodopa absorption and transport},
  author={Nutt, John G and Woodward, William R and Hammerstad, John P and Carter, Julie H and Anderson, John L},
  journal={New England Journal of Medicine},
  volume={310},
  number={8},
  pages={483--488},
  year={1984},
  publisher={Mass Medical Soc}
}
@article{ishihara2005systematic,
  title={A systematic review of nutritional risk factors of Parkinson's disease},
  author={Ishihara, Lianna and Brayne, Carol},
  journal={Nutrition research reviews},
  volume={18},
  number={2},
  pages={259--282},
  year={2005},
  publisher={Cambridge University Press}
}
@article{contin2010pharmacokinetics,
  title={Pharmacokinetics of levodopa},
  author={Contin, Manuela and Martinelli, Paolo},
  journal={Journal of neurology},
  volume={257},
  number={2},
  pages={253--261},
  year={2010},
  publisher={Springer}
}
@article{cereda2010low,
  title={Low-protein and protein-redistribution diets for Parkinson's disease patients with motor fluctuations: A systematic review},
  author={Cereda, Emanuele and Barichella, Michela and Pedrolli, Carlo and Pezzoli, Gianni},
  journal={Movement Disorders},
  volume={25},
  number={13},
  pages={2021--2034},
  year={2010},
  publisher={Wiley Online Library}
}
@article{o2015using,
  title={Using genome-scale models to predict biological capabilities},
  author={O’Brien, Edward J and Monk, Jonathan M and Palsson, Bernhard O},
  journal={Cell},
  volume={161},
  number={5},
  pages={971--987},
  year={2015},
  publisher={Elsevier}
}
@article{beard2002energy,
  title={Energy balance for analysis of complex metabolic networks},
  author={Beard, Daniel A and Liang, Shou-dan and Qian, Hong},
  journal={Biophysical journal},
  volume={83},
  number={1},
  pages={79--86},
  year={2002},
  publisher={Elsevier}
}
@article{sahoo2013predicting,
  title={Predicting the impact of diet and enzymopathies on human small intestinal epithelial cells},
  author={Sahoo, Swagatika and Thiele, Ines},
  journal={Human molecular genetics},
  volume={22},
  number={13},
  pages={2705--2722},
  year={2013},
  publisher={Oxford University Press}
}
@article{sahoo2014membrane,
  title={Membrane transporters in a human genome-scale metabolic knowledgebase and their implications for disease},
  author={Sahoo, Swagatika and Aurich, Maike K and Jonsson, Jon J and Thiele, Ines},
  journal={Frontiers in physiology},
  volume={5},
  year={2014},
  publisher={Frontiers Media SA}
}
@article{sahoo2015modeling,
  title={Modeling the effects of commonly used drugs on human metabolism},
  author={Sahoo, Swagatika and Haraldsd{\'o}ttir, Hulda S and Fleming, Ronan MT and Thiele, Ines},
  journal={The FEBS journal},
  volume={282},
  number={2},
  pages={297--317},
  year={2015},
  publisher={Wiley Online Library}
}
@article{eisenhofer1997substantial,
  title={Substantial production of dopamine in the human gastrointestinal tract},
  author={Eisenhofer, Graeme and Aneman, Anders and Friberg, Peter and Hooper, Douglas and Fandriks, Lars and Lonroth, Hans and Hunyady, Béla and Mezey, Eva},
  journal={The Journal of Clinical Endocrinology \& Metabolism},
  volume={82},
  number={11},
  pages={3864--3871},
  year={1997},
  publisher={Oxford University Press}
}
@article{agoram2001predicting,
  title={Predicting the impact of physiological and biochemical processes on oral drug bioavailability},
  author={Agoram, Balaji and Woltosz, Walter S and Bolger, Michael B},
  journal={Advanced drug delivery reviews},
  volume={50},
  pages={S41--S67},
  year={2001},
  publisher={Elsevier}
}
@article{peters2008evaluation,
  title={Evaluation of a generic physiologically based pharmacokinetic model for lineshape analysis},
  author={Peters, Sheila Annie},
  journal={Clinical pharmacokinetics},
  volume={47},
  number={4},
  pages={261--275},
  year={2008},
  publisher={Springer}
}
@article{jones2013basic,
  title={Basic concepts in physiologically based pharmacokinetic modeling in drug discovery and development},
  author={Jones, HM and Rowland-Yeo, K},
  journal={CPT: pharmacometrics \& systems pharmacology},
  volume={2},
  number={8},
  pages={1--12},
  year={2013},
  publisher={Wiley Online Library}
}
@article{keller2011comparative,
  title={Comparative bioavailability of 2 tablet formulations of levodopa/benserazide in healthy, fasting volunteers: a single-dose, randomized-sequence, open-label crossover study},
  author={Keller, Guillermo A and Czerniuk, Paola and Bertuola, Roberto and Spatz, Juan G and Assefi, Aria R and Di Girolamo, Guillermo},
  journal={Clinical therapeutics},
  volume={33},
  number={4},
  pages={500--510},
  year={2011},
  publisher={Elsevier}
}
@article{massey1951kolmogorov,
  title={The Kolmogorov-Smirnov test for goodness of fit},
  author={Massey Jr, Frank J},
  journal={Journal of the American statistical Association},
  volume={46},
  number={253},
  pages={68--78},
  year={1951},
  publisher={Taylor \& Francis Group}
}
@article{verrey2000glycoprotein,
  title={Glycoprotein-associated amino acid exchangers: broadening the range of transport specificity},
  author={Verrey, Fran{\c{c}}ois and Meier, Christian and Rossier, Gr{\'e}goire and K{\"u}hn, Lukas C},
  journal={Pfl{\"u}gers Archiv European Journal of Physiology},
  volume={440},
  number={4},
  pages={503--512},
  year={2000},
  publisher={Springer}
}
@article{lennernas1993effect,
  title={The effect of L-leucine on the absorption of levodopa, studied by regional jejunal perfusion in man.},
  author={Lennernas, H and Nilsson, D and Aquilonius, SM and Ahrenstedt, O and Knutson, L and Paalzow, LK},
  journal={British journal of clinical pharmacology},
  volume={35},
  number={3},
  pages={243--250},
  year={1993},
  publisher={Wiley Online Library}
}
@article{hardoff2001gastric,
  title={Gastric emptying time and gastric motility in patients with Parkinson's disease},
  author={Hardoff, Ruth and Sula, Michael and Tamir, Ada and Soil, Adrian and Front, Avi and Badarna, Samich and Honigman, Silvia and Giladi, Nir},
  journal={Movement Disorders},
  volume={16},
  number={6},
  pages={1041--1047},
  year={2001},
  publisher={Wiley Online Library}
}
@article{bos2003postprandial,
  title={Postprandial kinetics of dietary amino acids are the main determinant of their metabolism after soy or milk protein ingestion in humans},
  author={Bos, C{\'e}cile and Metges, Cornelia C and Gaudichon, Claire and Petzke, Klaus J and Pueyo, Maria E and Morens, C{\'e}line and Everwand, Julia and Benamouzig, Robert and Tom{\'e}, Daniel},
  journal={The Journal of nutrition},
  volume={133},
  number={5},
  pages={1308--1315},
  year={2003},
  publisher={Am Soc Nutrition}
}
@article{gelfin2012d,
  title={D-serine adjuvant treatment alleviates behavioural and motor symptoms in Parkinson's disease},
  author={Gelfin, Evgenia and Kaufman, Yakir and Korn-Lubetzki, Isabelle and Bloch, Boaz and Kremer, Ilana and Javitt, Daniel C and Heresco-Levy, Uriel},
  journal={International Journal of Neuropsychopharmacology},
  volume={15},
  number={4},
  pages={543--549},
  year={2012},
  publisher={Cambridge University Press Cambridge, UK}
}
@article{nagayama2015pharmacokinetics,
  title={Pharmacokinetics of levodopa before and after gastrointestinal resection in parkinson's disease},
  author={Nagayama, Hiroshi and Kajimoto, Yusuke and Kumagai, Tomoaki and Nishiyama, Yasuhiro and Mishina, Masahiro and Kimura, Kazumi},
  journal={Case reports in neurology},
  volume={7},
  number={3},
  pages={181--185},
  year={2015},
  publisher={Karger Publishers}
}
@article{adibi1967kinetics,
  title={The kinetics of amino acid absorption and alteration of plasma composition of free amino acids after intestinal perfusion of amino acid mixtures},
  author={ADIBI, SIAMAK A and GRAY, SEYMOUR J and MENDEN, ERICH},
  journal={The American journal of clinical nutrition},
  volume={20},
  number={1},
  pages={24--33},
  year={1967},
  publisher={Am Soc Nutrition}
}
@article{contin2001levodopa,
  title={Levodopa therapy monitoring in patients with Parkinson disease: a kinetic--dynamic approach},
  author={Contin, Manuela and Riva, Roberto and Martinelli, Paolo and Albani, Fiorenzo and Avoni, Patrizia and Baruzzi, Agostino},
  journal={Therapeutic drug monitoring},
  volume={23},
  number={6},
  pages={621--629},
  year={2001},
  publisher={LWW}
}
@article{fasano2015gastrointestinal,
  title={Gastrointestinal dysfunction in Parkinson's disease},
  author={Fasano, Alfonso and Visanji, Naomi P and Liu, Louis WC and Lang, Antony E and Pfeiffer, Ronald F},
  journal={The Lancet Neurology},
  volume={14},
  number={6},
  pages={625--639},
  year={2015},
  publisher={Elsevier}
}
@article{waller1991oral,
  title={Oral amino acids and gastric emptying: an investigation of the mechanism of levodopa-induced gastric stasis.},
  author={Waller, DG and Usman, F and Renwick, AG and Macklin, B and George, CF},
  journal={British journal of clinical pharmacology},
  volume={32},
  number={6},
  pages={771--773},
  year={1991},
  publisher={Wiley Online Library}
}
@article{sanger2009gsk962040,
  title={GSK962040: a small molecule, selective motilin receptor agonist, effective as a stimulant of human and rabbit gastrointestinal motility},
  author={Sanger, GJ and Westaway, SM and Barnes, AA and MacPherson, DT and Muir, AI and Jarvie, EM and Bolton, VN and Cellek, S and N{\"a}slund, E and Hellstr{\"o}m, Per M and others},
  journal={Neurogastroenterology \& Motility},
  volume={21},
  number={6},
  pages={657},
  year={2009},
  publisher={Wiley Online Library}
}
@article{foltynie2013impact,
  title={Impact of duodopa on quality of life in advanced Parkinson's disease: a UK case series},
  author={Foltynie, T and Magee, C and James, C and Webster, GJM and Lees, AJ and Limousin, P},
  journal={Parkinson’s disease},
  volume={2013},
  year={2013},
  publisher={Hindawi Publishing Corporation}
}
@article{pierantozzi2006helicobacter,
  title={Helicobacter pylori eradication and l-dopa absorption in patients with PD and motor fluctuations},
  author={Pierantozzi, M and Pietroiusti, A and Brusa, L and Galati, S and Stefani, A and Lunardi, G and Fedele, E and Sancesario, G and Bernardi, G and Bergamaschi, A and others},
  journal={Neurology},
  volume={66},
  number={12},
  pages={1824--1829},
  year={2006},
  publisher={AAN Enterprises}
}
@article{hashim2014eradication,
  title={Eradication of Helicobacter pylori infection improves levodopa action, clinical symptoms and quality of life in patients with Parkinson's disease},
  author={Hashim, Hasriza and Azmin, Shahrul and Razlan, Hamizah and Yahya, Nafisah Wan and Tan, Hui Jan and Manaf, M Rizal Abdul and Ibrahim, Norlinah Mohamed},
  journal={PLoS One},
  volume={9},
  number={11},
  pages={e112330},
  year={2014},
  publisher={Public Library of Science}
}
@article{doi2012plasma,
  title={Plasma levodopa peak delay and impaired gastric emptying in Parkinson's disease},
  author={Doi, Hirokazu and Sakakibara, Ryuji and Sato, Mitsutoshi and Masaka, Tohru and Kishi, Masahiko and Tateno, Akihiko and Tateno, Fuyuki and Tsuyusaki, Yohei and Takahashi, Osamu},
  journal={Journal of the neurological sciences},
  volume={319},
  number={1},
  pages={86--88},
  year={2012},
  publisher={Elsevier}
}
@article{sousa2008gastrointestinal,
  title={The gastrointestinal microbiota as a site for the biotransformation of drugs},
  author={Sousa, Tiago and Paterson, Ronnie and Moore, Vanessa and Carlsson, Anders and Abrahamsson, Bertil and Basit, Abdul W},
  journal={International journal of pharmaceutics},
  volume={363},
  number={1},
  pages={1--25},
  year={2008},
  publisher={Elsevier}
}
@article{adibi1973protein,
  title={Protein digestion in human intestine as reflected in luminal, mucosal, and plasma amino acid concentrations after meals},
  author={Adibi, Siamak A and Mercer, Donald W},
  journal={Journal of Clinical Investigation},
  volume={52},
  number={7},
  pages={1586},
  year={1973},
  publisher={American Society for Clinical Investigation}
}
@article{robertson1991influence,
  title={The influence of protein containing meals on the pharmacokinetics of levodopa in healthy volunteers.},
  author={Robertson, DR and Higginson, I and Macklin, BS and Renwick, AG and Waller, DG and George, CF},
  journal={British journal of clinical pharmacology},
  volume={31},
  number={4},
  pages={413--417},
  year={1991},
  publisher={Wiley Online Library}
}
@article{growdon1982effects,
  title={Effects of oral L-tyrosine administration of CSF tyrosine and homovanillic acid levels in patients with Parkinson's disease},
  author={Growdon, John H and Melamed, Eldad and Logue, Mary and Hefti, Franz and Wurtman, Richard J},
  journal={Life sciences},
  volume={30},
  number={10},
  pages={827--832},
  year={1982},
  publisher={Elsevier}
}
@article{martinelli2003levodopa,
  title={Levodopa pharmacokinetics and dyskinesias: are there sex-related differences?},
  author={Martinelli, P and Contin, M and Scaglione, C and Riva, R and Albani, F and Baruzzi, A},
  journal={Neurological Sciences},
  volume={24},
  number={3},
  pages={192--193},
  year={2003},
  publisher={Springer}
}
@article{knox2010drugbank,
  title={DrugBank 3.0: a comprehensive resource for ‘omics’ research on drugs},
  author={Knox, Craig and Law, Vivian and Jewison, Timothy and Liu, Philip and Ly, Son and Frolkis, Alex and Pon, Allison and Banco, Kelly and Mak, Christine and Neveu, Vanessa and others},
  journal={Nucleic acids research},
  volume={39},
  number={suppl\_1},
  pages={D1035--D1041},
  year={2010},
  publisher={Oxford University Press}
}
@article{gudmundsson2010computationally,
  title={Computationally efficient flux variability analysis},
  author={Gudmundsson, Steinn and Thiele, Ines},
  journal={BMC bioinformatics},
  volume={11},
  number={1},
  pages={489},
  year={2010},
  publisher={BioMed Central}
}
@article{becker2007quantitative,
  title={Quantitative prediction of cellular metabolism with constraint-based models: the COBRA Toolbox},
  author={Becker, Scott A and Feist, Adam M and Mo, Monica L and Hannum, Gregory and Palsson, Bernhard {\O} and Herrgard, Markus J},
  journal={Nature protocols},
  volume={2},
  number={3},
  pages={727--738},
  year={2007},
  publisher={Nature Publishing Group}
}
@incollection{suss2008common,
  title={Common mistakes in OpenMP and how to avoid them},
  author={S{\"u}{\ss}, Michael and Leopold, Claudia},
  booktitle={OpenMP Shared Memory Parallel Programming},
  pages={312--323},
  year={2008},
  publisher={Springer}
}
@article{heirendt2016distributedfba,
  title={DistributedFBA. jl: High-level, high-performance flux balance analysis in Julia},
  author={Heirendt, Laurent and Fleming, Ronan MT and Thiele, Ines},
  journal={arXiv preprint arXiv:1611.04743},
  year={2016}
}
@article{harrison2016phase,
  title={Phase II and phase III failures: 2013-2015},
  author={Harrison, Richard K},
  journal={Nature Reviews Drug Discovery},
  volume={15},
  number={12},
  pages={817--818},
  year={2016},
  publisher={Nature Research}
}
@article{wang2016drug,
  title={Drug-induced adverse events prediction with the LINCS L1000 data},
  author={Wang, Zichen and Clark, Neil R and Ma’ayan, Avi},
  journal={Bioinformatics},
  volume={32},
  number={15},
  pages={2338--2345},
  year={2016},
  publisher={Oxford University Press}
}
@article{zielinski2015pharmacogenomic,
  title={Pharmacogenomic and clinical data link non-pharmacokinetic metabolic dysregulation to drug side effect pathogenesis},
  author={Zielinski, Daniel C and Filipp, Fabian V and Bordbar, Aarash and Jensen, Kasper and Smith, Jeffrey W and Herrgard, Markus J and Mo, Monica L and Palsson, Bernhard O},
  journal={Nature communications},
  volume={6},
  year={2015},
  publisher={Nature Publishing Group}
}
@article{kuhn2010side,
  title={A side effect resource to capture phenotypic effects of drugs},
  author={Kuhn, Michael and Campillos, Monica and Letunic, Ivica and Jensen, Lars Juhl and Bork, Peer},
  journal={Molecular systems biology},
  volume={6},
  number={1},
  pages={343},
  year={2010},
  publisher={EMBO Press}
}
@article{keenan2017library,
  title={The Library of Integrated Network-Based Cellular Signatures NIH Program: System-Level Cataloging of Human Cells Response to Perturbations},
  author={Keenan, Alexandra B and Jenkins, Sherry L and Jagodnik, Kathleen M and Koplev, Simon and He, Edward and Torre, Denis and Wang, Zichen and Dohlman, Anders B and Silverstein, Moshe C and Lachmann, Alexander and others},
  journal={Cell Systems},
  year={2017},
  publisher={Elsevier}
}
@article{bordel2010sampling,
  title={Sampling the solution space in genome-scale metabolic networks reveals transcriptional regulation in key enzymes},
  author={Bordel, Sergio and Agren, Rasmus and Nielsen, Jens},
  journal={PLoS computational biology},
  volume={6},
  number={7},
  pages={e1000859},
  year={2010},
  publisher={Public Library of Science}
}
@article{shaked2016metabolic,
  title={Metabolic Network Prediction of Drug Side Effects},
  author={Shaked, Itay and Oberhardt, Matthew A and Atias, Nir and Sharan, Roded and Ruppin, Eytan},
  journal={Cell systems},
  volume={2},
  number={3},
  pages={209--213},
  year={2016},
  publisher={Elsevier}
}
@article{schellenberger2011quantitative,
  title={Quantitative prediction of cellular metabolism with constraint-based models: the COBRA Toolbox v2. 0},
  author={Schellenberger, Jan and Que, Richard and Fleming, Ronan MT and Thiele, Ines and Orth, Jeffrey D and Feist, Adam M and Zielinski, Daniel C and Bordbar, Aarash and Lewis, Nathan E and Rahmanian, Sorena and others},
  journal={Nature protocols},
  volume={6},
  number={9},
  pages={1290--1307},
  year={2011},
  publisher={Nature Research}
}
@article{machado2014systematic,
  title={Systematic evaluation of methods for integration of transcriptomic data into constraint-based models of metabolism},
  author={Machado, Daniel and Herrg{\aa}rd, Markus},
  journal={PLoS computational biology},
  volume={10},
  number={4},
  pages={e1003580},
  year={2014},
  publisher={Public Library of Science}
}
@article{kosti2016cross,
  title={Cross-tissue analysis of gene and protein expression in normal and cancer tissues},
  author={Kosti, Idit and Jain, Nishant and Aran, Dvir and Butte, Atul J and Sirota, Marina},
  journal={Scientific reports},
  volume={6},
  year={2016},
  publisher={Nature Publishing Group}
}
@article{franks2017post,
  title={Post-transcriptional regulation across human tissues},
  author={Franks, Alexander and Airoldi, Edoardo and Slavov, Nikolai},
  journal={PLoS computational biology},
  volume={13},
  number={5},
  pages={e1005535},
  year={2017},
  publisher={Public Library of Science}
}
@article{colijn2009interpreting,
  title={Interpreting expression data with metabolic flux models: predicting Mycobacterium tuberculosis mycolic acid production},
  author={Colijn, Caroline and Brandes, Aaron and Zucker, Jeremy and Lun, Desmond S and Weiner, Brian and Farhat, Maha R and Cheng, Tan-Yun and Moody, D Branch and Murray, Megan and Galagan, James E},
  journal={PLoS computational biology},
  volume={5},
  number={8},
  pages={e1000489},
  year={2009},
  publisher={Public Library of Science}
}
@InProceedings{RoffoICCV17, 
author={Giorgio Roffo and Simone Melzi and Umberto Castellani and Alessandro Vinciarelli}, 
booktitle={2017 IEEE International Conference on Computer Vision (ICCV)}, 
title={Infinite Latent Feature Selection: A Probabilistic Latent Graph-Based Ranking Approach}, 
year={2017}, 
month={Oct}} 
}
@article{altman1992introduction,
  title={An introduction to kernel and nearest-neighbor nonparametric regression},
  author={Altman, Naomi S},
  journal={The American Statistician},
  volume={46},
  number={3},
  pages={175--185},
  year={1992},
  publisher={Taylor \& Francis}
}
@article{shekhar2016comprehensive,
  title={Comprehensive classification of retinal bipolar neurons by single-cell transcriptomics},
  author={Shekhar, Karthik and Lapan, Sylvain W and Whitney, Irene E and Tran, Nicholas M and Macosko, Evan Z and Kowalczyk, Monika and Adiconis, Xian and Levin, Joshua Z and Nemesh, James and Goldman, Melissa and others},
  journal={Cell},
  volume={166},
  number={5},
  pages={1308--1323},
  year={2016},
  publisher={Elsevier}
}
@article{chen2013enrichr,
  title={Enrichr: interactive and collaborative HTML5 gene list enrichment analysis tool.},
  author={Chen, Edward Y and Tan, Christopher M and Kou, Yan and Duan, Qiaonan and Wang, Zichen and Meirelles, Gabriela Vaz and Clark, Neil R and Ma'ayan, Avi},
  journal={BMC bioinformatics},
  volume={14},
  number={1},
  pages={128},
  year={2013}
}
@article{kuleshov2016enrichr,
  title={Enrichr: a comprehensive gene set enrichment analysis web server 2016 update},
  author={Kuleshov, Maxim V and Jones, Matthew R and Rouillard, Andrew D and Fernandez, Nicolas F and Duan, Qiaonan and Wang, Zichen and Koplev, Simon and Jenkins, Sherry L and Jagodnik, Kathleen M and Lachmann, Alexander and others},
  journal={Nucleic acids research},
  volume={44},
  number={W1},
  pages={W90--W97},
  year={2016},
  publisher={Oxford University Press}
}
@article{jahchan2013drug,
  title={A drug repositioning approach identifies tricyclic antidepressants as inhibitors of small cell lung cancer and other neuroendocrine tumors},
  author={Jahchan, Nadine S and Dudley, Joel T and Mazur, Pawel K and Flores, Natasha and Yang, Dian and Palmerton, Alec and Zmoos, Anne-Flore and Vaka, Dedeepya and Tran, Kim QT and Zhou, Margaret and others},
  journal={Cancer discovery},
  volume={3},
  number={12},
  pages={1364--1377},
  year={2013},
  publisher={AACR}
}
@article{kanehisa2017kegg,
  title={KEGG: new perspectives on genomes, pathways, diseases and drugs},
  author={Kanehisa, Minoru and Furumichi, Miho and Tanabe, Mao and Sato, Yoko and Morishima, Kanae},
  journal={Nucleic acids research},
  volume={45},
  number={D1},
  pages={D353--D361},
  year={2017},
  publisher={Oxford University Press}
}
@article{banks2008blood,
  title={The blood-brain barrier: connecting the gut and the brain},
  author={Banks, William A},
  journal={Regulatory peptides},
  volume={149},
  number={1},
  pages={11--14},
  year={2008},
  publisher={Elsevier}
}
@article{medina2013shifting,
  title={Shifting from the single to the multitarget paradigm in drug discovery},
  author={Medina-Franco, Jos{\'e} L and Giulianotti, Marc A and Welmaker, Gregory S and Houghten, Richard A},
  journal={Drug discovery today},
  volume={18},
  number={9},
  pages={495--501},
  year={2013},
  publisher={Elsevier}
}
@article{li2015survey,
  title={A survey of current trends in computational drug repositioning},
  author={Li, Jiao and Zheng, Si and Chen, Bin and Butte, Atul J and Swamidass, S Joshua and Lu, Zhiyong},
  journal={Briefings in bioinformatics},
  volume={17},
  number={1},
  pages={2--12},
  year={2015},
  publisher={Oxford University Press}
}
@article{maahs2010epidemiology,
  title={Epidemiology of type 1 diabetes},
  author={Maahs, David M and West, Nancy A and Lawrence, Jean M and Mayer-Davis, Elizabeth J},
  journal={Endocrinology and metabolism clinics of North America},
  volume={39},
  number={3},
  pages={481--497},
  year={2010},
  publisher={Elsevier}
}
@article{orchard2006type,
  title={Type 1 diabetes and coronary artery disease},
  author={Orchard, Trevor J and Costacou, Tina and Kretowski, Adam and Nesto, Richard W},
  journal={Diabetes care},
  volume={29},
  number={11},
  pages={2528--2538},
  year={2006},
  publisher={Am Diabetes Assoc}
}
@article{heinemann2002variability,
  title={Variability of insulin absorption and insulin action},
  author={Heinemann, Lutz},
  journal={Diabetes technology \& therapeutics},
  volume={4},
  number={5},
  pages={673--682},
  year={2002},
  publisher={Mary Ann Liebert, Inc.}
}
@article{american2014diagnosis,
  title={Diagnosis and classification of diabetes mellitus},
  author={American Diabetes Association and others},
  journal={Diabetes care},
  volume={37},
  number={Supplement 1},
  pages={S81--S90},
  year={2014},
  publisher={Am Diabetes Assoc}
}
@article{jeong2000large,
  title={The large-scale organization of metabolic networks},
  author={Jeong, Hawoong and Tombor, B{\'a}lint and Albert, R{\'e}ka and Oltvai, Zoltan N and Barab{\'a}si, A-L},
  journal={Nature},
  volume={407},
  number={6804},
  pages={651--654},
  year={2000},
  publisher={Nature Publishing Group}
}
@article{planas2010gene,
  title={Gene expression profiles for the human pancreas and purified islets in Type 1 diabetes: new findings at clinical onset and in long-standing diabetes},
  author={Planas, R and Carrillo, J and Sanchez, A and Ruiz de Villa, MC and Nu{\~n}ez, F and Verdaguer, J and James, RFL and Pujol-Borrell, R and Vives-Pi, M},
  journal={Clinical \& Experimental Immunology},
  volume={159},
  number={1},
  pages={23--44},
  year={2010},
  publisher={Wiley Online Library}
}
@article{heinemann1999standard,
  title={Standard liver volume in the Caucasian population},
  author={Heinemann, Axel and Wischhusen, Friedel and P{\"u}schel, Klaus and Rogiers, Xavier},
  journal={Liver Transplantation},
  volume={5},
  number={5},
  pages={366--368},
  year={1999},
  publisher={Wiley Online Library}
}
@article{yugi2014reconstruction,
  title={Reconstruction of insulin signal flow from phosphoproteome and metabolome data},
  author={Yugi, Katsuyuki and Kubota, Hiroyuki and Toyoshima, Yu and Noguchi, Rei and Kawata, Kentaro and Komori, Yasunori and Uda, Shinsuke and Kunida, Katsuyuki and Tomizawa, Yoko and Funato, Yosuke and others},
  journal={Cell reports},
  volume={8},
  number={4},
  pages={1171--1183},
  year={2014},
  publisher={Elsevier}
}
@article{mailman2007ncbi,
  title={The NCBI dbGaP database of genotypes and phenotypes},
  author={Mailman, Matthew D and Feolo, Michael and Jin, Yumi and Kimura, Masato and Tryka, Kimberly and Bagoutdinov, Rinat and Hao, Luning and Kiang, Anne and Paschall, Justin and Phan, Lon and others},
  journal={Nature genetics},
  volume={39},
  number={10},
  pages={1181--1186},
  year={2007},
  publisher={Nature Publishing Group}
}
@article{romero2005computational,
  title={Computational prediction of human metabolic pathways from the complete human genome},
  author={Romero, Pedro and Wagg, Jonathan and Green, Michelle L and Kaiser, Dale and Krummenacker, Markus and Karp, Peter D},
  journal={Genome biology},
  volume={6},
  number={1},
  pages={R2},
  year={2005},
  publisher={BioMed Central}
}
@article{sarkar2010regression,
  title={Regression analysis for constraining free parameters in electrophysiological models of cardiac cells},
  author={Sarkar, Amrita X and Sobie, Eric A},
  journal={PLoS computational biology},
  volume={6},
  number={9},
  pages={e1000914},
  year={2010},
  publisher={Public Library of Science}
}
@article{mccall2013treating,
  title={Treating type 1 diabetes: from strategies for insulin delivery to dual hormonal control},
  author={McCall, AL and Farhy, LS},
  journal={Minerva endocrinologica},
  volume={38},
  number={2},
  pages={145},
  year={2013},
  publisher={NIH Public Access}
}
@incollection{russo2013sphingolipids,
  title={Sphingolipids in obesity, type 2 diabetes, and metabolic disease},
  author={Russo, SB and Ross, JS and Cowart, LA},
  booktitle={Sphingolipids in Disease},
  pages={373--401},
  year={2013},
  publisher={Springer}
}
@article{ferguson2013tatn,
  title={TATN-1 mutations reveal a novel role for tyrosine as a metabolic signal that influences developmental decisions and longevity in Caenorhabditis elegans},
  author={Ferguson, Annabel A and Roy, Sudipa and Kormanik, Kaitlyn N and Kim, Yongsoon and Dumas, Kathleen J and Ritov, Vladimir B and Matern, Dietrich and Hu, Patrick J and Fisher, Alfred L},
  journal={PLoS genetics},
  volume={9},
  number={12},
  pages={e1004020},
  year={2013},
  publisher={Public Library of Science}
}
@article{jethmalani1994platelet,
  title={Platelet phosphoinositide turnover in streptozotocin-induced diabetes},
  author={Jethmalani, SM and Dang, AQ and Faas, FH},
  journal={Prostaglandins, leukotrienes and essential fatty acids},
  volume={50},
  number={6},
  pages={339--346},
  year={1994},
  publisher={Elsevier}
}
@article{joladarashi2011diabetes,
  title={Diabetes results in structural alteration of chondroitin sulfate/dermatan sulfate in the rat kidney: effects on the binding to extracellular matrix components},
  author={Joladarashi, Darukeshwara and Salimath, Paramahans V and Chilkunda, Nandini D},
  journal={Glycobiology},
  volume={21},
  number={7},
  pages={960--972},
  year={2011},
  publisher={Oxford University Press}
}
@article{gowd2016glycosaminoglycan,
  title={Glycosaminoglycan remodeling during diabetes and the role of dietary factors in their modulation},
  author={Gowd, Vemana and Gurukar, Abhignan and Chilkunda, Nandini D},
  journal={World journal of diabetes},
  volume={7},
  number={4},
  pages={67},
  year={2016},
  publisher={Baishideng Publishing Group Inc}
}
@article{lalic2008glucose,
  title={Glucose homeostasis in Huntington disease: abnormalities in insulin sensitivity and early-phase insulin secretion},
  author={Lali{\'c}, Neboj{\v{s}}a M and Mari{\'c}, Jelena and Svetel, Marina and Joti{\'c}, Aleksandra and Stefanova, Elka and Lali{\'c}, Katarina and Draga{\v{s}}evi{\'c}, Nata{\v{s}}a and Mili{\v{c}}i{\'c}, Tanja and Luki{\'c}, Ljiljana and Kosti{\'c}, Vladimir S},
  journal={Archives of neurology},
  volume={65},
  number={4},
  pages={476--480},
  year={2008},
  publisher={American Medical Association}
}
@article{moran2015type,
  title={Type 2 diabetes mellitus and biomarkers of neurodegeneration},
  author={Moran, Chris and Beare, Richard and Phan, Thanh G and Bruce, David G and Callisaya, Michele L and Srikanth, Velandai},
  journal={Neurology},
  volume={85},
  number={13},
  pages={1123--1130},
  year={2015},
  publisher={AAN Enterprises}
}
@article{cukierman2005cognitive,
  title={Cognitive decline and dementia in diabetes—systematic overview of prospective observational studies},
  author={Cukierman, T and Gerstein, HC and Williamson, JD},
  journal={Diabetologia},
  volume={48},
  number={12},
  pages={2460--2469},
  year={2005},
  publisher={Springer}
}
@article{ma2004calcium,
  title={Calcium channel blockers, either amlodipine or mibefradil, ameliorate renal injury in experimental diabetes},
  author={Ma, Guorong and Allen, Terri J and Cooper, Mark E and Cao, Zemin},
  journal={Kidney international},
  volume={66},
  number={3},
  pages={1090--1098},
  year={2004},
  publisher={Elsevier}
}
@article{lu2014mibefradil,
  title={Mibefradil reduces blood glucose concentration in db/db mice},
  author={Lu, Yujie and Long, Min and Zhou, Shiwen and Xu, Zihui and Hu, Fuquan and Li, Ming},
  journal={Clinics},
  volume={69},
  number={1},
  pages={61--67},
  year={2014},
  publisher={SciELO Brasil}
}
@article{dimitriadis2011insulin,
  title={Insulin effects in muscle and adipose tissue},
  author={Dimitriadis, George and Mitrou, Panayota and Lambadiari, Vaia and Maratou, Eirini and Raptis, Sotirios A},
  journal={Diabetes research and clinical practice},
  volume={93},
  pages={S52--S59},
  year={2011},
  publisher={Elsevier}
}
@article{li2009organ,
  title={Organ crosstalk: the role of the kidney},
  author={Li, Xiang and Hassoun, Heitham T and Santora, Rachel and Rabb, Hamid},
  journal={Current opinion in critical care},
  volume={15},
  number={6},
  pages={481--487},
  year={2009},
  publisher={LWW}
}
@article{sahoo2012compendium,
  title={A compendium of inborn errors of metabolism mapped onto the human metabolic network},
  author={Sahoo, Swagatika and Franzson, Leifur and Jonsson, Jon J and Thiele, Ines},
  journal={Molecular BioSystems},
  volume={8},
  number={10},
  pages={2545--2558},
  year={2012},
  publisher={Royal Society of Chemistry}
}
@article{romacho2014adipose,
  title={Adipose tissue and its role in organ crosstalk},
  author={Romacho, T and Elsen, M and R{\"o}hrborn, D and Eckel, J},
  journal={Acta physiologica},
  volume={210},
  number={4},
  pages={733--753},
  year={2014},
  publisher={Wiley Online Library}
}
@article{sargeant1993effect,
  title={Effect of insulin on the rates of synthesis and degradation of GLUT1 and GLUT4 glucose transporters in 3T3-L1 adipocytes},
  author={Sargeant, Robert J and P{\^a}quet, Michel R},
  journal={Biochemical Journal},
  volume={290},
  number={3},
  pages={913--919},
  year={1993},
  publisher={Portland Press Limited}
}
@article{bonora2011pros,
  title={The pros and cons of diagnosing diabetes with A1C},
  author={Bonora, Enzo and Tuomilehto, Jaakko},
  journal={Diabetes care},
  volume={34},
  number={Supplement 2},
  pages={S184--S190},
  year={2011},
  publisher={Am Diabetes Assoc}
}
@article{correa2013slc2a4,
  title={SLC2A4 gene: a promising target for pharmacogenomics of insulin resistance},
  author={Corr{\^e}a-Giannella, Maria Lucia and Machado, Ubiratan F},
  journal={Pharmacogenomics},
  volume={14},
  number={8},
  pages={847--850},
  year={2013},
  publisher={Future Medicine}
}
@article{sands2015sotagliflozin,
  title={Sotagliflozin, a dual SGLT1 and SGLT2 inhibitor, as adjunct therapy to insulin in type 1 diabetes},
  author={Sands, Arthur T and Zambrowicz, Brian P and Rosenstock, Julio and Lapuerta, Pablo and Bode, Bruce W and Garg, Satish K and Buse, John B and Banks, Phillip and Heptulla, Rubina and Rendell, Marc and others},
  journal={Diabetes care},
  volume={38},
  number={7},
  pages={1181--1188},
  year={2015},
  publisher={Am Diabetes Assoc}
}
@article{jain2009gastrointestinal,
  title={Gastrointestinal side effects of prescription medications in the older adult},
  author={Jain, Vishal and Pitchumoni, CS},
  journal={Journal of clinical gastroenterology},
  volume={43},
  number={2},
  pages={103--110},
  year={2009},
  publisher={LWW}
}
@article{makins2003gastrointestinal,
  title={Gastrointestinal side effects of drugs},
  author={Makins, Richard and Ballinger, Anne},
  journal={Expert opinion on drug safety},
  volume={2},
  number={4},
  pages={421--429},
  year={2003},
  publisher={Taylor \& Francis}
}
@article{bates1995incidence,
  title={Incidence of adverse drug events and potential adverse drug events: implications for prevention},
  author={Bates, David W and Cullen, David J and Laird, Nan and Petersen, Laura A and Small, Stephen D and Servi, Deborah and Laffel, Glenn and Sweitzer, Bobbie J and Shea, Brian F and Hallisey, Robert and others},
  journal={Jama},
  volume={274},
  number={1},
  pages={29--34},
  year={1995},
  publisher={American Medical Association}
}
@article{orth2010flux,
  title={What is flux balance analysis?},
  author={Orth, Jeffrey D and Thiele, Ines and Palsson, Bernhard {\O}},
  journal={Nature biotechnology},
  volume={28},
  number={3},
  pages={245--248},
  year={2010},
  publisher={Nature Research}
}
@article{heirendt2017creation,
  title={Creation and analysis of biochemical constraint-based models: the COBRA Toolbox v3. 0},
  author={Heirendt, Laurent and Arreckx, Sylvain and Pfau, Thomas and Mendoza, Sebastian N and Richelle, Anne and Heinken, Almut and Haraldsdottir, Hulda S and Keating, Sarah M and Vlasov, Vanja and Wachowiak, Jacek and others},
  journal={arXiv preprint arXiv:1710.04038},
  year={2017}
}
@inproceedings{he2006laplacian,
  title={Laplacian score for feature selection},
  author={He, Xiaofei and Cai, Deng and Niyogi, Partha},
  booktitle={Advances in neural information processing systems},
  pages={507--514},
  year={2006}
}
@inproceedings{cai2010unsupervised,
  title={Unsupervised feature selection for multi-cluster data},
  author={Cai, Deng and Zhang, Chiyuan and He, Xiaofei},
  booktitle={Proceedings of the 16th ACM SIGKDD international conference on Knowledge discovery and data mining},
  pages={333--342},
  year={2010},
  organization={ACM}
}
@article{bradley1998feature,
  title={Feature selection via mathematical programming},
  author={Bradley, Paul S and Mangasarian, Olvi L and Street, W Nick},
  journal={INFORMS Journal on Computing},
  volume={10},
  number={2},
  pages={209--217},
  year={1998},
  publisher={INFORMS}
}
@article{gu2012generalized,
  title={Generalized fisher score for feature selection},
  author={Gu, Quanquan and Li, Zhenhui and Han, Jiawei},
  journal={arXiv preprint arXiv:1202.3725},
  year={2012}
}
@inproceedings{yang2011l2,
  title={l2, 1-norm regularized discriminative feature selection for unsupervised learning},
  author={Yang, Yi and Shen, Heng Tao and Ma, Zhigang and Huang, Zi and Zhou, Xiaofang},
  booktitle={IJCAI proceedings-international joint conference on artificial intelligence},
  volume={22},
  pages={1589},
  year={2011}
}
@article{hall1999correlation,
  title={Correlation-based feature selection for machine learning},
  author={Hall, Mark Andrew},
  year={1999},
  publisher={University of Waikato Hamilton},
  journal={PhD Thesis}
}
@article{luo2011methods,
  title={Methods of forward feature selection based on the aggregation of classifiers generated by single attribute},
  author={Luo, Linkai and Ye, Lingjun and Luo, Meixiang and Huang, Dengfeng and Peng, Hong and Yang, Fan},
  journal={Computers in biology and medicine},
  volume={41},
  number={7},
  pages={435--441},
  year={2011},
  publisher={Elsevier}
}
@inproceedings{kira1992feature,
  title={The feature selection problem: Traditional methods and a new algorithm},
  author={Kira, Kenji and Rendell, Larry A},
  booktitle={Aaai},
  volume={2},
  pages={129--134},
  year={1992}
}
@article{han20150,
  title={l 0-norm based structural sparse least square regression for feature selection},
  author={Han, Jiuqi and Sun, Zhengya and Hao, Hongwei},
  journal={Pattern Recognition},
  volume={48},
  number={12},
  pages={3927--3940},
  year={2015},
  publisher={Elsevier}
}
@article{wishart2017drugbank,
  title={DrugBank 5.0: a major update to the DrugBank database for 2018},
  author={Wishart, David S and Feunang, Yannick D and Guo, An C and Lo, Elvis J and Marcu, Ana and Grant, Jason R and Sajed, Tanvir and Johnson, Daniel and Li, Carin and Sayeeda, Zinat and others},
  journal={Nucleic acids research},
  year={2017}
}
@article{szigeti2017blueprint,
  title={A blueprint for human whole-cell modeling},
  author={Szigeti, Balazs and Roth, Yosef D and Sekar, John AP and Goldberg, Arthur P and Pochiraju, Saahith C and Karr, Jonathan R},
  journal={Current Opinion in Systems Biology},
  year={2017},
  publisher={Elsevier}
}
@article{brandes2012inferring,
  title={Inferring carbon sources from gene expression profiles using metabolic flux models},
  author={Brandes, Aaron and Lun, Desmond S and Ip, Kuhn and Zucker, Jeremy and Colijn, Caroline and Weiner, Brian and Galagan, James E},
  journal={PLoS One},
  volume={7},
  number={5},
  pages={e36947},
  year={2012},
  publisher={Public Library of Science}
}
@article{sanchez2017improving,
  title={Improving the phenotype predictions of a yeast genome-scale metabolic model by incorporating enzymatic constraints},
  author={S{\'a}nchez, Benjam{\'\i}n J and Zhang, Cheng and Nilsson, Avlant and Lahtvee, Petri-Jaan and Kerkhoven, Eduard J and Nielsen, Jens},
  journal={Molecular systems biology},
  volume={13},
  number={8},
  pages={935},
  year={2017},
  publisher={EMBO Press}
}
@article{von2010clustering,
  title={Clustering stability: an overview},
  author={Von Luxburg, Ulrike and others},
  journal={Foundations and Trends{\textregistered} in Machine Learning},
  volume={2},
  number={3},
  pages={235--274},
  year={2010},
  publisher={Now Publishers, Inc.}
}
@article{ravasz2002hierarchical,
  title={Hierarchical organization of modularity in metabolic networks},
  author={Ravasz, Erzs{\'e}bet and Somera, Anna Lisa and Mongru, Dale A and Oltvai, Zolt{\'a}n N and Barab{\'a}si, A-L},
  journal={science},
  volume={297},
  number={5586},
  pages={1551--1555},
  year={2002},
  publisher={American Association for the Advancement of Science}
}
@InProceedings{VBCG_HPCS14,
   author =       {S. Varrette and P. Bouvry and H. Cartiaux and F. Georgatos},
   title =        {Management of an Academic HPC Cluster: The UL Experience},
   booktitle =    {Proc. of the 2014 Intl. Conf. on High Performance Computing \& Simulation (HPCS 2014)},
   year =         {2014},
   pages =        {959--967},
   month =        {July},
   address =      {Bologna, Italy},
   publisher =    {IEEE},
}
@article{el2010bihormonal,
  title={A bihormonal closed-loop artificial pancreas for type 1 diabetes},
  author={El-Khatib, Firas H and Russell, Steven J and Nathan, David M and Sutherlin, Robert G and Damiano, Edward R},
  journal={Science translational medicine},
  volume={2},
  number={27},
  pages={27ra27--27ra27},
  year={2010},
  publisher={American Association for the Advancement of Science}
}
@article{regittnig1999plasma,
  title={Plasma and interstitial glucose dynamics after intravenous glucose injection: evaluation of the single-compartment glucose distribution assumption in the minimal models.},
  author={Regittnig, Werner and Trajanoski, Zlatko and Leis, Hans-J{\"o}rg and Ellmerer, Martin and Wutte, Andrea and Sendlhofer, Gerald and Schaupp, Lukas and Brunner, Gernot A and Wach, Paul and Pieber, Thomas R},
  journal={Diabetes},
  volume={48},
  number={5},
  pages={1070--1081},
  year={1999},
  publisher={Am Diabetes Assoc}
}
@phdthesis{sorensen1985physiologic,
  title={A physiologic model of glucose metabolism in man and its use to design and assess improved insulin therapies for diabetes},
  author={Sorensen, John Thomas},
  year={1985},
  school={Massachusetts Institute of Technology}
}
@article{rawlins2004cutting,
  title={Cutting the cost of drug development?},
  author={Rawlins, Michael D},
  journal={Nature reviews Drug discovery},
  volume={3},
  number={4},
  pages={360--364},
  year={2004},
  publisher={Nature Publishing Group}
}
@article{mullard2014new,
  title={New drugs cost US [dollar] 2.6 billion to develop},
  author={Mullard, Asher},
  journal={Nature Reviews Drug Discovery},
  volume={13},
  number={12},
  pages={877--877},
  year={2014},
  publisher={Nature Research}
}
@article{dimasi2016innovation,
  title={Innovation in the pharmaceutical industry: new estimates of R\&D costs},
  author={DiMasi, Joseph A and Grabowski, Henry G and Hansen, Ronald W},
  journal={Journal of health economics},
  volume={47},
  pages={20--33},
  year={2016},
  publisher={Elsevier}
}
@article{dimasi2003price,
  title={The price of innovation: new estimates of drug development costs},
  author={DiMasi, Joseph A and Hansen, Ronald W and Grabowski, Henry G},
  journal={Journal of health economics},
  volume={22},
  number={2},
  pages={151--185},
  year={2003},
  publisher={Elsevier}
}
@article{wise2009new,
  title={New approaches to drug safety: a pharmacovigilance tool kit},
  author={Wise, Lesley and Parkinson, John and Raine, June and Breckenridge, Alasdair},
  journal={Nature Reviews Drug Discovery},
  volume={8},
  number={10},
  pages={779--782},
  year={2009},
  publisher={Nature Publishing Group}
}
@article{knowles2003target,
  title={Target selection in drug discovery},
  author={Knowles, Jonathan and Gromo, Gianni},
  journal={Nature Reviews Drug Discovery},
  volume={2},
  number={1},
  pages={63--69},
  year={2003},
  publisher={Nature Publishing Group}
}
@article{drews2000drug,
  title={Drug discovery: a historical perspective},
  author={Drews, J{\"u}rgen},
  journal={Science},
  volume={287},
  number={5460},
  pages={1960--1964},
  year={2000},
  publisher={American Association for the Advancement of Science}
}
@article{cook2014lessons,
  title={Lessons learned from the fate of AstraZeneca's drug pipeline: a five-dimensional framework},
  author={Cook, David and Brown, Dearg and Alexander, Robert and March, Ruth and Morgan, Paul and Satterthwaite, Gemma and Pangalos, Menelas N},
  journal={Nature Reviews Drug Discovery},
  volume={13},
  number={6},
  pages={419--431},
  year={2014},
  publisher={Nature Publishing Group}
}
@article{willmann2008molecular,
  title={Molecular imaging in drug development},
  author={Willmann, J{\"u}rgen K and Van Bruggen, Nicholas and Dinkelborg, Ludger M and Gambhir, Sanjiv S},
  journal={Nature reviews Drug discovery},
  volume={7},
  number={7},
  pages={591--607},
  year={2008},
  publisher={Nature Publishing Group}
}
@article{mullard20172016,
  title={2016 FDA drug approvals},
  author={Mullard, Asher},
  journal={Nature Reviews Drug Discovery},
  volume={16},
  number={2},
  pages={73--76},
  year={2017},
  publisher={Nature Research}
}
@article{mardinoglu2013integration,
  title={Integration of clinical data with a genome-scale metabolic model of the human adipocyte},
  author={Mardinoglu, Adil and Agren, Rasmus and Kampf, Caroline and Asplund, Anna and Nookaew, Intawat and Jacobson, Peter and Walley, Andrew J and Froguel, Philippe and Carlsson, Lena M and Uhlen, Mathias and others},
  journal={Molecular systems biology},
  volume={9},
  number={1},
  pages={649},
  year={2013},
  publisher={EMBO Press}
}
@article{mardinoglu2014genome,
  title={Genome-scale metabolic modelling of hepatocytes reveals serine deficiency in patients with non-alcoholic fatty liver disease},
  author={Mardinoglu, Adil and Agren, Rasmus and Kampf, Caroline and Asplund, Anna and Uhlen, Mathias and Nielsen, Jens},
  journal={Nature communications},
  volume={5},
  pages={3083},
  year={2014},
  publisher={Nature Publishing Group}
}
@article{segre2002analysis,
  title={Analysis of optimality in natural and perturbed metabolic networks},
  author={Segre, Daniel and Vitkup, Dennis and Church, George M},
  journal={Proceedings of the National Academy of Sciences},
  volume={99},
  number={23},
  pages={15112--15117},
  year={2002},
  publisher={National Acad Sciences}
}
@article{lewis2010omic,
  title={Omic data from evolved E. coli are consistent with computed optimal growth from genome-scale models},
  author={Lewis, Nathan E and Hixson, Kim K and Conrad, Tom M and Lerman, Joshua A and Charusanti, Pep and Polpitiya, Ashoka D and Adkins, Joshua N and Schramm, Gunnar and Purvine, Samuel O and Lopez-Ferrer, Daniel and others},
  journal={Molecular systems biology},
  volume={6},
  number={1},
  pages={390},
  year={2010},
  publisher={EMBO Press}
}
@article{maldonado2017integration,
  title={Integration of Genome Scale Metabolic Networks and gene regulation of metabolic enzymes with Physiologically Based Pharmacokinetics},
  author={Maldonado, Elaina M and Leoncikas, Vytautas and Fisher, Ciar{\'a}n P and Moore, J Bernadette and Plant, Nick J and Kierzek, Andrzej M},
  journal={CPT: pharmacometrics \& systems pharmacology},
  year={2017},
  publisher={Wiley Online Library}
}
@article{yizhak2014phenotype,
  title={Phenotype-based cell-specific metabolic modeling reveals metabolic liabilities of cancer},
  author={Yizhak, Keren and Gaude, Edoardo and Le D{\'e}v{\'e}dec, Sylvia and Waldman, Yedael Y and Stein, Gideon Y and van de Water, Bob and Frezza, Christian and Ruppin, Eytan},
  journal={Elife},
  volume={3},
  pages={e03641},
  year={2014},
  publisher={eLife Sciences Publications Limited}
}
@article{conde2016constraint,
  title={Constraint based modeling going multicellular},
  author={Conde, Patricia do Rosario Martins and Sauter, Thomas and Pfau, Thomas},
  journal={Frontiers in molecular biosciences},
  volume={3},
  year={2016},
  publisher={Frontiers Media SA}
}
@article{blais2017reconciled,
  title={Reconciled rat and human metabolic networks for comparative toxicogenomics and biomarker predictions},
  author={Blais, Edik M and Rawls, Kristopher D and Dougherty, Bonnie V and Li, Zhuo I and Kolling, Glynis L and Ye, Ping and Wallqvist, Anders and Papin, Jason A},
  journal={Nature Communications},
  volume={8},
  pages={14250},
  year={2017},
  publisher={Nature Publishing Group}
}
@article{sier2017linking,
  title={Linking physiologically-based pharmacokinetic and genome-scale metabolic networks to understand estradiol biology},
  author={Sier, Joanna H and Thumser, Alfred E and Plant, Nick J},
  journal={BMC Systems Biology},
  volume={11},
  number={1},
  pages={141},
  year={2017},
  publisher={BioMed Central}
}
@article{gilbert2017towards,
  title={Towards dynamic genome-scale models},
  author={Gilbert, David and Heiner, Monika and Jayaweera, Yasoda and Rohr, Christian},
  journal={Briefings in bioinformatics},
  year={2017}
}
@article{akirov2017high,
  title={High Glucose Variability Increases Mortality Risk in Hospitalized Patients},
  author={Akirov, Amit and Diker-Cohen, Talia and Masri-Iraqi, Hiba and Shimon, Ilan},
  journal={The Journal of Clinical Endocrinology \& Metabolism},
  year={2017}
}
@article{thomas2017frequency,
  title={Frequency and phenotype of type 1 diabetes in the first six decades of life: a cross-sectional, genetically stratified survival analysis from UK Biobank},
  author={Thomas, Nicholas J and Jones, Samuel E and Weedon, Michael N and Shields, Beverley M and Oram, Richard A and Hattersley, Andrew T},
  journal={The Lancet Diabetes \& Endocrinology},
  year={2017},
  publisher={Elsevier}
}
@article{athauda2017exenatide,
  title={Exenatide once weekly versus placebo in Parkinson's disease: a randomised, double-blind, placebo-controlled trial},
  author={Athauda, Dilan and Maclagan, Kate and Skene, Simon S and Bajwa-Joseph, Martha and Letchford, Dawn and Chowdhury, Kashfia and Hibbert, Steve and Budnik, Natalia and Zampedri, Luca and Dickson, John and others},
  journal={The Lancet},
  volume={390},
  number={10103},
  pages={1664--1675},
  year={2017},
  publisher={Elsevier}
}
@article{an2017evidence,
  title={Evidence for brain glucose dysregulation in Alzheimer's disease},
  author={An, Yang and Varma, Vijay R and Varma, Sudhir and Casanova, Ramon and Dammer, Eric and Pletnikova, Olga and Chia, Chee W and Egan, Josephine M and Ferrucci, Luigi and Troncoso, Juan and others},
  journal={Alzheimer's \& Dementia},
  year={2017},
  publisher={Elsevier}
}
@article{us2004innovation,
  title={Innovation or stagnation? Challenge and opportunity on the critical path to new medical products},
  author={US Department of Health and Human Services and others},
  journal={http://www. fda. gov/ScienceResearch/SpecialTopics/CriticalPathInitiative/CriticalPathOpportunitiesReports/ucm077262. htm Accessed July 19, 2010},
  year={2004}
}
@article{oyaas2017genome,
  title={Genome-scale metabolic networks in time and space},
  author={{\O}y{\aa}s, Ove and Stelling, J{\"o}rg},
  journal={Current Opinion in Systems Biology},
  year={2017},
  publisher={Elsevier}
}
@article{aviles2014motor,
  title={Motor and cognitive advantages persist 12 months after exenatide exposure in Parkinson’s disease},
  author={Aviles-Olmos, Iciar and Dickson, John and Kefalopoulou, Zinovia and Djamshidian, Atbin and Kahan, Joshua and Ell, Peter and Whitton, Peter and Wyse, Richard and Isaacs, Tom and Lees, Andrew and others},
  journal={Journal of Parkinson's disease},
  volume={4},
  number={3},
  pages={337--344},
  year={2014},
  publisher={IOS Press}
}
@article{aviles2013exenatide,
  title={Exenatide and the treatment of patients with Parkinson’s disease},
  author={Aviles-Olmos, Iciar and Dickson, John and Kefalopoulou, Zinovia and Djamshidian, Atbin and Ell, Peter and Soderlund, Therese and Whitton, Peter and Wyse, Richard and Isaacs, Tom and Lees, Andrew and others},
  journal={The Journal of clinical investigation},
  volume={123},
  number={6},
  pages={2730},
  year={2013},
  publisher={American Society for Clinical Investigation}
}
@article{guney2016network,
  title={Network-based in silico drug efficacy screening},
  author={Guney, Emre and Menche, J{\"o}rg and Vidal, Marc and Bar{\'a}basi, Albert-L{\'a}szl{\'o}},
  journal={Nature communications},
  volume={7},
  pages={10331},
  year={2016},
  publisher={Nature Publishing Group}
}
@article{yarchoan2014repurposing,
  title={Repurposing diabetes drugs for brain insulin resistance in Alzheimer disease},
  author={Yarchoan, Mark and Arnold, Steven E},
  journal={Diabetes},
  volume={63},
  number={7},
  pages={2253--2261},
  year={2014},
  publisher={Am Diabetes Assoc}
}
@article{janson2004increased,
  title={Increased risk of type 2 diabetes in Alzheimer disease},
  author={Janson, Juliette and Laedtke, Thomas and Parisi, Joseph E and O’Brien, Peter and Petersen, Ronald C and Butler, Peter C},
  journal={Diabetes},
  volume={53},
  number={2},
  pages={474--481},
  year={2004},
  publisher={Am Diabetes Assoc}
}
@article{sims2010does,
  title={How does diabetes accelerate Alzheimer disease pathology?},
  author={Sims-Robinson, Catrina and Kim, Bhumsoo and Rosko, Andrew and Feldman, Eva L},
  journal={Nature Reviews Neurology},
  volume={6},
  number={10},
  pages={551--559},
  year={2010},
  publisher={Nature Publishing Group}
}
@article{zhong2013renoprotective,
  title={Renoprotective effect of combined inhibition of angiotensin-converting enzyme and histone deacetylase},
  author={Zhong, Yifei and Chen, Edward Y and Liu, Ruijie and Chuang, Peter Y and Mallipattu, Sandeep K and Tan, Christopher M and Clark, Neil R and Deng, Yueyi and Klotman, Paul E and Ma’ayan, Avi and others},
  journal={Journal of the American Society of Nephrology},
  pages={ASN--2012060590},
  year={2013},
  publisher={Am Soc Nephrol}
}
@article{wagner2015drugs,
  title={Drugs that reverse disease transcriptomic signatures are more effective in a mouse model of dyslipidemia},
  author={Wagner, Allon and Cohen, Noa and Kelder, Thomas and Amit, Uri and Liebman, Elad and Steinberg, David M and Radonjic, Marijana and Ruppin, Eytan},
  journal={Molecular systems biology},
  volume={11},
  number={3},
  pages={791},
  year={2015},
  publisher={EMBO Press}
}
@article{tai2018neuroprotective,
  title={Neuroprotective effects of a triple GLP-1/GIP/glucagon receptor agonist in the APP/PS1 transgenic mouse model of Alzheimer's disease},
  author={Tai, Jingjing and Liu, Weizhen and Li, Yanwei and Li, Lin and H{\"o}lscher, Christian},
  journal={Brain research},
  volume={1678},
  pages={64--74},
  year={2018},
  publisher={Elsevier}
}
@article{goldberg2018emerging,
  title={Emerging whole-cell modeling principles and methods},
  author={Goldberg, Arthur P and Szigeti, Bal{\'a}zs and Chew, Yin Hoon and Sekar, John AP and Roth, Yosef D and Karr, Jonathan R},
  journal={Current opinion in biotechnology},
  volume={51},
  pages={97--102},
  year={2018},
  publisher={Elsevier}
}
@techreport{leigh2013growth,
  title={Growth forecast errors and fiscal multipliers},
  author={Leigh, Daniel and Blanchard, Olivier J},
  year={2013},
  institution={Working Paper 13/1, Washington, DC, International Monetary Fund}
}
@article{tummler2015dynamic,
  title={Dynamic metabolic models in context: biomass backtracking},
  author={Tummler, Katja and K{\"u}hn, Clemens and Klipp, Edda},
  journal={Integrative Biology},
  volume={7},
  number={8},
  pages={940--951},
  year={2015},
  publisher={Royal Society of Chemistry}
}
@article{phillips2005journey,
  title={Journey Into Space Research},
  author={Phillips, W Hewitt},
  year={2005}
}
@article{pan2014application,
  title={Application Of The Fda Pbpk Knowledgebase In Evaluating Model Predictability For Drug-drug Interactions.},
  author={Pan, Y and Grillo, J and Hsu, V and Zhang, L and Sinha, V and Huang, S-m and Zhao, P},
  journal={Clinical Pharmacology \& Therapeutics},
  volume={95},
  number={1},
  pages={S102--S103},
  year={2014}
}
@article{sager2015physiologically,
  title={Physiologically based pharmacokinetic (PBPK) modeling and simulation approaches: a systematic review of published models, applications and model verification},
  author={Sager, Jennifer E and Yu, Jinngjing and Raguenau-Majlessi, Isabelle and Isoherranen, Nina},
  journal={Drug Metabolism and Disposition},
  pages={dmd--115},
  year={2015},
  publisher={ASPET}
}
@misc{kovatchev2009silico,
  title={In silico preclinical trials: a proof of concept in closed-loop control of type 1 diabetes},
  author={Kovatchev, Boris P and Breton, Marc and Dalla Man, Chiara and Cobelli, Claudio},
  year={2009},
  publisher={SAGE Publications Sage CA: Los Angeles, CA}
}
@article{rodgers2005physiologically,
  title={Physiologically based pharmacokinetic modeling 1: Predicting the tissue distribution of moderate-to-strong bases},
  author={Rodgers, Trudy and Leahy, David and Rowland, Malcolm},
  journal={Journal of pharmaceutical sciences},
  volume={94},
  number={6},
  pages={1259--1276},
  year={2005},
  publisher={Wiley Online Library}
}
@article{rodgers2006physiologically,
  title={Physiologically based pharmacokinetic modelling 2: predicting the tissue distribution of acids, very weak bases, neutrals and zwitterions},
  author={Rodgers, Trudy and Rowland, Malcolm},
  journal={Journal of pharmaceutical sciences},
  volume={95},
  number={6},
  pages={1238--1257},
  year={2006},
  publisher={Wiley Online Library}
}
@article{willmann2003pk,
  title={PK-Sim{\textregistered}: a physiologically based pharmacokinetic ‘whole-body’model},
  author={Willmann, Stefan and Lippert, J{\"o}rg and Sevestre, Michael and Solodenko, Juri and Fois, Franco and Schmitt, Walter},
  journal={Biosilico},
  volume={1},
  number={4},
  pages={121--124},
  year={2003},
  publisher={Elsevier}
}
@inproceedings{farhat2016recent,
  title={Recent advances in parametric nonlinear model order reduction: treatment of shocks, contact and interfaces, structure-preserving hyper reduction, acceleration of multiscale formulations, and application to design optimization},
  author={Farhat, C and Avery, P and Chapman, T and Collins, P and Washabaugh, K and Zahr, M},
  booktitle={7th European Congress on Computational Methods in Applied Sciences and Engineering (ECCOMAS 2016)},
  year={2016}
}  
@article{balajewicz2016projection,
  title={Projection-based model reduction for contact problems},
  author={Balajewicz, Maciej and Amsallem, David and Farhat, Charbel},
  journal={International Journal for Numerical Methods in Engineering},
  volume={106},
  number={8},
  pages={644--663},
  year={2016},
  publisher={Wiley Online Library}
}
@article{amsallem2016real,
  title={Real-time solution of linear computational problems using databases of parametric reduced-order models with arbitrary underlying meshes},
  author={Amsallem, David and Tezaur, Radek and Farhat, Charbel},
  journal={Journal of Computational Physics},
  volume={326},
  pages={373--397},
  year={2016},
  publisher={Elsevier}
}
@article{zahr2017multilevel,
  title={A multilevel projection-based model order reduction framework for nonlinear dynamic multiscale problems in structural and solid mechanics},
  author={Zahr, Matthew J and Avery, Philip and Farhat, Charbel},
  journal={International Journal for Numerical Methods in Engineering},
  year={2017},
  publisher={Wiley Online Library}
}
@article{khodayari2016genome,
  title={A genome-scale Escherichia coli kinetic metabolic model k-ecoli457 satisfying flux data for multiple mutant strains},
  author={Khodayari, Ali and Maranas, Costas D},
  journal={Nature communications},
  volume={7},
  pages={13806},
  year={2016},
  publisher={Nature Publishing Group}
}
@article{dash2017development,
  title={Development of a core Clostridium thermocellum kinetic metabolic model consistent with multiple genetic perturbations},
  author={Dash, Satyakam and Khodayari, Ali and Zhou, Jilai and Holwerda, Evert K and Olson, Daniel G and Lynd, Lee R and Maranas, Costas D},
  journal={Biotechnology for Biofuels},
  volume={10},
  number={1},
  pages={108},
  year={2017},
  publisher={BioMed Central}
}
@article{grafahrend2013multiscale,
  title={Multiscale metabolic modeling: dynamic flux balance analysis on a whole-plant scale},
  author={Grafahrend-Belau, Eva and Junker, Astrid and Eschenr{\"o}der, Andr{\'e} and M{\"u}ller, Johannes and Schreiber, Falk and Junker, Bj{\"o}rn H},
  journal={Plant physiology},
  volume={163},
  number={2},
  pages={637--647},
  year={2013},
  publisher={Am Soc Plant Biol}
}
@article{duan2014lincs,
  title={LINCS Canvas Browser: interactive web app to query, browse and interrogate LINCS L1000 gene expression signatures},
  author={Duan, Qiaonan and Flynn, Corey and Niepel, Mario and Hafner, Marc and Muhlich, Jeremy L and Fernandez, Nicolas F and Rouillard, Andrew D and Tan, Christopher M and Chen, Edward Y and Golub, Todd R and others},
  journal={Nucleic acids research},
  volume={42},
  number={W1},
  pages={W449--W460},
  year={2014},
  publisher={Oxford University Press}
}
@article{ogetii2010hypoglycaemia,
  title={Hypoglycaemia in severe malaria, clinical associations and relationship to quinine dosage},
  author={Ogetii, Gilbert N and Akech, Samuel and Jemutai, Julie and Boga, Mwanamvua and Kivaya, Esther and Fegan, Greg and Maitland, Kathryn},
  journal={BMC infectious diseases},
  volume={10},
  number={1},
  pages={334},
  year={2010},
  publisher={BioMed Central}
}
@article{gilarranz2017effects,
  title={Effects of network modularity on the spread of perturbation impact in experimental metapopulations},
  author={Gilarranz, Luis J and Rayfield, Bronwyn and Li{\~n}{\'a}n-Cembrano, Gustavo and Bascompte, Jordi and Gonzalez, Andrew},
  journal={Science},
  volume={357},
  number={6347},
  pages={199--201},
  year={2017},
  publisher={American Association for the Advancement of Science}
}
@article{almaas2004global,
  title={Global organization of metabolic fluxes in the bacterium Escherichia coli},
  author={Almaas, E\_ and Kovacs, B and Vicsek, T and Oltvai, ZN and Barab{\'a}si, A-L},
  journal={Nature},
  volume={427},
  number={6977},
  pages={839--843},
  year={2004},
  publisher={Nature Publishing Group}
}
@inproceedings{Mauri:2017:RVP:3125571.3125585,
 author = {Mauri, Michele and Elli, Tommaso and Caviglia, Giorgio and Uboldi, Giorgio and Azzi, Matteo},
 title = {RAWGraphs: A Visualisation Platform to Create Open Outputs},
 booktitle = {Proceedings of the 12th Biannual Conference on Italian SIGCHI Chapter},
 series = {CHItaly '17},
 year = {2017},
 isbn = {978-1-4503-5237-6},
 location = {Cagliari, Italy},
 pages = {28:1--28:5},
 articleno = {28},
 numpages = {5},
 url = {http://doi.acm.org/10.1145/3125571.3125585},
 doi = {10.1145/3125571.3125585},
 acmid = {3125585},
 publisher = {ACM},
 address = {New York, NY, USA},
 keywords = {Visualization tools, data visualization, open output, visual interface},
}
@article{prawitt2011bile,
  title={Bile acid metabolism and the pathogenesis of type 2 diabetes},
  author={Prawitt, Janne and Caron, Sandrine and Staels, Bart},
  journal={Current diabetes reports},
  volume={11},
  number={3},
  pages={160},
  year={2011},
  publisher={Springer}
}
@article{tomkin2016obesity,
  title={Obesity diabetes and the role of bile acids in metabolism},
  author={Tomkin, Gerald H and Owens, Daphne},
  journal={Journal of Translational Internal Medicine},
  volume={4},
  number={2},
  pages={73--80},
  year={2016}
}
@article{verma2017metabolodiuretic,
  title={The metabolodiuretic promise of sodium-dependent glucose cotransporter 2 inhibition: the search for the sweet spot in heart failure},
  author={Verma, Subodh and McMurray, John JV and Cherney, David ZI},
  journal={JAMA cardiology},
  volume={2},
  number={9},
  pages={939--940},
  year={2017},
  publisher={American Medical Association}
}
@article{megchelenbrink2014optgpsampler,
  title={optGpSampler: an improved tool for uniformly sampling the solution-space of genome-scale metabolic networks},
  author={Megchelenbrink, Wout and Huynen, Martijn and Marchiori, Elena},
  journal={PloS one},
  volume={9},
  number={2},
  pages={e86587},
  year={2014},
  publisher={Public Library of Science}
}
@article{behnel2011cython,
  title={Cython: The best of both worlds},
  author={Behnel, Stefan and Bradshaw, Robert and Citro, Craig and Dalcin, Lisandro and Seljebotn, Dag Sverre and Smith, Kurt},
  journal={Computing in Science \& Engineering},
  volume={13},
  number={2},
  pages={31--39},
  year={2011},
  publisher={IEEE}
}
@article{mardinoglu2014defining,
  title={Defining the human adipose tissue proteome to reveal metabolic alterations in obesity},
  author={Mardinoglu, Adil and Kampf, Caroline and Asplund, Anna and Fagerberg, Linn and Hallstrom, Bjorn M and Edlund, Karolina and Bl\"uher, Matthias and Ponten, Fredrik and Uhlen, Mathias and Nielsen, Jens},
  journal={Journal of proteome research},
  volume={13},
  number={11},
  pages={5106--5119},
  year={2014},
  publisher={ACS Publications}
}
@article{wang2008preclinical,
  title={Preclinical pharmacokinetic/pharmacodynamic models of gefitinib and the design of equivalent dosing regimens in EGFR wild-type and mutant tumor models},
  author={Wang, Shining and Guo, Ping and Wang, Xiaomin and Zhou, Qingyu and Gallo, James M},
  journal={Molecular cancer therapeutics},
  volume={7},
  number={2},
  pages={407--417},
  year={2008},
  publisher={AACR}
}
@book{peters2012physiologically,
  title={Physiologically-based pharmacokinetic (PBPK) modeling and simulations: principles, methods, and applications in the pharmaceutical industry},
  author={Peters, Sheila Annie},
  year={2012},
  publisher={John Wiley \& Sons}
}
@article{ando2015new,
  title={A New Physiologically-Based Pharmacokinetic Model for the Prediction of Gastrointestinal Drug Absorption: Translocation Model},
  author={Ando, Hirotaka and Hisaka, Akihiro and Suzuki, Hiroshi},
  journal={Drug Metabolism and Disposition},
  pages={dmd--114},
  year={2015},
  publisher={ASPET}
}
@article{cong2000new,
  title={A new physiologically based, segregated-flow model to explain route-dependent intestinal metabolism},
  author={Cong, Diem and Doherty, Margaret and Pang, K Sandy},
  journal={Drug Metabolism and Disposition},
  volume={28},
  number={2},
  pages={224--235},
  year={2000},
  publisher={ASPET}
}
@article{andersen2005introduction,
  title={Introduction: a historical perspective of the development and applications of PBPK models},
  author={Andersen, Melvin E and Yang, Raymond SH and Clewell, Harvey J and Reddy, Micaela B},
  journal={Physiologically based pharmacokinetic modeling: science and applications},
  pages={1--18},
  year={2005},
  publisher={Wiley Online Library}
}
@article{dudley2011exploiting,
  title={Exploiting drug--disease relationships for computational drug repositioning},
  author={Dudley, Joel T and Deshpande, Tarangini and Butte, Atul J},
  journal={Briefings in bioinformatics},
  volume={12},
  number={4},
  pages={303--311},
  year={2011},
  publisher={Oxford University Press}
}
@article{gottstein2016constraint,
  title={Constraint-based stoichiometric modelling from single organisms to microbial communities},
  author={Gottstein, Willi and Olivier, Brett G and Bruggeman, Frank J and Teusink, Bas},
  journal={Journal of the Royal Society Interface},
  volume={13},
  number={124},
  pages={20160627},
  year={2016},
  publisher={The Royal Society}
}
@book{cristianini2000introduction,
  title={An introduction to support vector machines and other kernel-based learning methods},
  author={Cristianini, Nello and Shawe-Taylor, John},
  year={2000},
  publisher={Cambridge university press}
}
@article{mccullagh1984generalized,
  title={Generalized linear models},
  author={McCullagh, Peter},
  journal={European Journal of Operational Research},
  volume={16},
  number={3},
  pages={285--292},
  year={1984},
  publisher={Elsevier}
}
@book{friedman2001elements,
  title={The elements of statistical learning},
  author={Friedman, Jerome and Hastie, Trevor and Tibshirani, Robert},
  volume={1},
  year={2001},
  publisher={Springer series in statistics New York}
}
@article{breiman2001random,
  title={Random forests},
  author={Breiman, Leo},
  journal={Machine learning},
  volume={45},
  number={1},
  pages={5--32},
  year={2001},
  publisher={Springer}
}
@article{blondel2008fast,
  title={Fast unfolding of communities in large networks},
  author={Blondel, Vincent D and Guillaume, Jean-Loup and Lambiotte, Renaud and Lefebvre, Etienne},
  journal={Journal of statistical mechanics: theory and experiment},
  volume={2008},
  number={10},
  pages={P10008},
  year={2008},
  publisher={IOP Publishing}
}
@article{kuhn2015sider,
  title={The SIDER database of drugs and side effects},
  author={Kuhn, Michael and Letunic, Ivica and Jensen, Lars Juhl and Bork, Peer},
  journal={Nucleic acids research},
  volume={44},
  number={D1},
  pages={D1075--D1079},
  year={2015},
  publisher={Oxford University Press}
}
@article{dua2015tutorial,
  title={A tutorial on target-mediated drug disposition (TMDD) models},
  author={Dua, P and Hawkins, E and Van der Graaf, PH},
  journal={CPT: pharmacometrics \& systems pharmacology},
  volume={4},
  number={6},
  pages={324--337},
  year={2015},
  publisher={Wiley Online Library}
}
@article{thiel2017towards,
  title={Towards knowledge-driven cross-species extrapolation},
  author={Thiel, Christoph and Hofmann, Ute and Ghallab, Ahmed and Gebhardt, Rolf and Hengstler, Jan G and Kuepfer, Lars},
  journal={Drug Discovery Today: Disease Models},
  year={2017},
  publisher={Elsevier}
}
@article{kuepfer2016applied,
  title={Applied concepts in PBPK modeling: how to build a PBPK/PD model},
  author={Kuepfer, L and Niederalt, C and Wendl, T and Schlender, J-F and Willmann, S and Lippert, J and Block, M and Eissing, T and Teutonico, D},
  journal={CPT: pharmacometrics \& systems pharmacology},
  volume={5},
  number={10},
  pages={516--531},
  year={2016},
  publisher={Wiley Online Library}
}
@article{poulin2002prediction,
  title={Prediction of pharmacokinetics prior to in vivo studies. 1. Mechanism-based prediction of volume of distribution},
  author={Poulin, Patrick and Theil, Frank-Peter},
  journal={Journal of pharmaceutical sciences},
  volume={91},
  number={1},
  pages={129--156},
  year={2002},
  publisher={Wiley Online Library}
}
@article{poulin2000priori,
  title={A priori prediction of tissue: Plasma partition coefficients of drugs to facilitate the use of physiologically-based pharmacokinetic models in drug discovery},
  author={Poulin, Patrick and Theil, Frank-Peter},
  journal={Journal of pharmaceutical sciences},
  volume={89},
  number={1},
  pages={16--35},
  year={2000},
  publisher={Wiley Online Library}
}
@article{poulin2001prediction,
  title={Prediction of adipose tissue: plasma partition coefficients for structurally unrelated drugs},
  author={Poulin, Patrick and Schoenlein, Kerstin and Theil, Frank-Peter},
  journal={Journal of pharmaceutical sciences},
  volume={90},
  number={4},
  pages={436--447},
  year={2001},
  publisher={Wiley Online Library}
}
@article{poulin2015paradigm,
  title={A Paradigm Shift in Pharmacokinetic--Pharmacodynamic (PKPD) Modeling: Rule of Thumb for Estimating Free Drug Level in Tissue Compared with Plasma to Guide Drug Design},
  author={Poulin, Patrick},
  journal={Journal of pharmaceutical sciences},
  volume={104},
  number={7},
  pages={2359--2368},
  year={2015},
  publisher={Elsevier}
}
@article{yeo2013application,
  title={Application of in vitro-in vivo extrapolation (IVIVE) and physiologically based pharmacokinetic (PBPK) modelling to investigate the impact of the CYP2C8 polymorphism on rosiglitazone exposure},
  author={Yeo, Karen Rowland and Kenny, Jane R and Rostami-Hodjegan, Amin},
  journal={European journal of clinical pharmacology},
  volume={69},
  number={6},
  pages={1311--1320},
  year={2013},
  publisher={Springer}
}
@article{thiel2017comparative,
  title={A comparative analysis of drug-induced hepatotoxicity in clinically relevant situations},
  author={Thiel, Christoph and Cordes, Henrik and Fabbri, Lorenzo and Aschmann, H{\'e}l{\`e}ne Eloise and Baier, Vanessa and Smit, Ines and Atkinson, Francis and Blank, Lars Mathias and Kuepfer, Lars},
  journal={PLoS computational biology},
  volume={13},
  number={2},
  pages={e1005280},
  year={2017},
  publisher={Public Library of Science}
}
@article{lippert2012mechanistic,
  title={A mechanistic, model-based approach to safety assessment in clinical development},
  author={Lippert, J and Brosch, M and Kampen, O and Meyer, M and Siegmund, H-U and Schafmayer, C and Becker, T and Laffert, B and G{\"o}rlitz, L and Schreiber, S and others},
  journal={CPT: pharmacometrics \& systems pharmacology},
  volume={1},
  number={11},
  pages={1--8},
  year={2012},
  publisher={Wiley Online Library}
}
@article{eissing2011computational,
  title={A computational systems biology software platform for multiscale modeling and simulation: integrating whole-body physiology, disease biology, and molecular reaction networks},
  author={Eissing, Thomas and Kuepfer, Lars and Becker, Corina and Block, Michael and Coboeken, Katrin and Gaub, Thomas and Goerlitz, Linus and Jaeger, Juergen and Loosen, Roland and Ludewig, Bernd and others},
  journal={Frontiers in physiology},
  volume={2},
  pages={4},
  year={2011},
  publisher={Frontiers}
}
@article{juni2004risk,
  title={Risk of cardiovascular events and rofecoxib: cumulative meta-analysis},
  author={J{\"u}ni, Peter and Nartey, Linda and Reichenbach, Stephan and Sterchi, Rebekka and Dieppe, Paul A and Egger, Matthias},
  journal={The lancet},
  volume={364},
  number={9450},
  pages={2021--2029},
  year={2004},
  publisher={Elsevier}
}
@article{van2013barnes,
  title={Barnes-hut-sne},
  author={Van Der Maaten, Laurens},
  journal={arXiv preprint arXiv:1301.3342},
  year={2013}
}
@article{thiele2018metabolism,
  title={When metabolism meets physiology: Harvey and Harvetta},
  author={Thiele, Ines and Sahoo, Swagatika and Heinken, Almut and Heirendt, Laurent and Aurich, Maike K and Noronha, Alberto and Fleming, Ronan MT},
  journal={bioRxiv},
  pages={255885},
  year={2018},
  publisher={Cold Spring Harbor Laboratory}
}
@article{baldi2000assessing,
  title={Assessing the accuracy of prediction algorithms for classification: an overview},
  author={Baldi, Pierre and Brunak, S{\o}ren and Chauvin, Yves and Andersen, Claus AF and Nielsen, Henrik},
  journal={Bioinformatics},
  volume={16},
  number={5},
  pages={412--424},
  year={2000},
  publisher={Oxford University Press}
}
@incollection{van2016taking,
  title={Taking bioinformatics to systems medicine},
  author={van Kampen, Antoine HC and Moerland, Perry D},
  booktitle={Systems Medicine},
  pages={17--41},
  year={2016},
  publisher={Springer}
}
@article{sontrop2011evaluation,
  title={An evaluation protocol for subtype-specific breast cancer event prediction},
  author={Sontrop, Herman MJ and Verhaegh, Wim FJ and Reinders, Marcel JT and Moerland, Perry D},
  journal={PloS one},
  volume={6},
  number={7},
  pages={e21681},
  year={2011},
  publisher={Public Library of Science}
}
@article{haque2014imbalanced,
  title={Imbalanced class learning in epigenetics},
  author={Haque, M Muksitul and Skinner, Michael K and Holder, Lawrence B},
  journal={Journal of Computational Biology},
  volume={21},
  number={7},
  pages={492--507},
  year={2014},
  publisher={Mary Ann Liebert, Inc. 140 Huguenot Street, 3rd Floor New Rochelle, NY 10801 USA}
}
@article{krauss2017translational,
  title={Translational learning from clinical studies predicts drug pharmacokinetics across patient populations},
  author={Krauss, Markus and Hofmann, Ute and Schafmayer, Clemens and Igel, Svitlana and Schlender, Jan and Mueller, Christian and Brosch, Mario and von Schoenfels, Witigo and Erhart, Wiebke and Schuppert, Andreas and others},
  journal={NPJ systems biology and applications},
  volume={3},
  number={1},
  pages={11},
  year={2017},
  publisher={Nature Publishing Group}
}
@incollection{kuepfer2012multiscale,
  title={Multiscale mechanistic modeling in pharmaceutical research and development},
  author={Kuepfer, Lars and Lippert, J{\"o}rg and Eissing, Thomas},
  booktitle={Advances in Systems Biology},
  pages={543--561},
  year={2012},
  publisher={Springer}
}
@article{danhof2016systems,
  title={Systems pharmacology--Towards the modeling of network interactions},
  author={Danhof, Meindert},
  journal={European Journal of Pharmaceutical Sciences},
  volume={94},
  pages={4--14},
  year={2016},
  publisher={Elsevier}
}
@article{danhof2015kinetics,
  title={Kinetics of drug action in disease states: towards physiology-based pharmacodynamic (PBPD) models},
  author={Danhof, Meindert},
  journal={Journal of pharmacokinetics and pharmacodynamics},
  volume={42},
  number={5},
  pages={447--462},
  year={2015},
  publisher={Springer}
}
@article{kuepfer2010towards,
  title={Towards whole-body systems physiology},
  author={Kuepfer, Lars},
  journal={Molecular systems biology},
  volume={6},
  number={1},
  pages={409},
  year={2010},
  publisher={EMBO Press}
}
@article{schaller2016robust,
  title={Robust PBPK/PD-based model predictive control of blood glucose},
  author={Schaller, Stephan and Lippert, J{\"o}rg and Schaupp, Lukas and Pieber, Thomas R and Schuppert, Andreas and Eissing, Thomas},
  journal={IEEE Transactions on Biomedical Engineering},
  volume={63},
  number={7},
  pages={1492--1504},
  year={2016},
  publisher={IEEE}
}
@article{lahoz2017physiologically,
  title={Physiologically Based simulations of Deuterated glucose for Quantifying cell Turnover in humans},
  author={Lahoz-Beneytez, Julio and Schaller, Stephan and Macallan, Derek and Eissing, Thomas and Niederalt, Christoph and Asquith, Becca},
  journal={Frontiers in immunology},
  volume={8},
  pages={474},
  year={2017},
  publisher={Frontiers}
}
@article{schaller2012new,
  title={A new Perspective on Closed-Loop Glucose Control using a Physiology-Based Pharmacokinetic/Pharmacodynamic Model Kernel},
  author={Schaller, Stephan and Willmann, Stefan and Schaupp, Lukas and Pieber, Thomas and Schuppert, Andreas and Lippert, Joerg and Eissing, Thomas},
  journal={IFAC Proceedings Volumes},
  volume={45},
  number={18},
  pages={420--425},
  year={2012},
  publisher={Elsevier}
}