@article{gudmundsson2010computationally,
  title={Computationally efficient flux variability analysis},
  author={Gudmundsson, Steinn and Thiele, Ines},
  journal={BMC bioinformatics},
  volume={11},
  number={1},
  pages={489},
  year={2010},
  publisher={BioMed Central}
}

@article{mahadevan2003effects,
  title={The effects of alternate optimal solutions in constraint-based genome-scale metabolic models},
  author={Mahadevan, R and Schilling, CH},
  journal={Metabolic engineering},
  volume={5},
  number={4},
  pages={264--276},
  year={2003},
  publisher={Elsevier}
}

@article{becker2007quantitative,
  title={Quantitative prediction of cellular metabolism with constraint-based models: the COBRA Toolbox},
  author={Becker, Scott A and Feist, Adam M and Mo, Monica L and Hannum, Gregory and Palsson, Bernhard {\O} and Herrgard, Markus J},
  journal={Nature protocols},
  volume={2},
  number={3},
  pages={727--738},
  year={2007},
  publisher={Nature Publishing Group}
}

@article{o2015using,
  title={Using genome-scale models to predict biological capabilities},
  author={O’Brien, Edward J and Monk, Jonathan M and Palsson, Bernhard O},
  journal={Cell},
  volume={161},
  number={5},
  pages={971--987},
  year={2015},
  publisher={Elsevier}
}

@incollection{suss2008common,
  title={Common mistakes in OpenMP and how to avoid them},
  author={S{\"u}{\ss}, Michael and Leopold, Claudia},
  booktitle={OpenMP Shared Memory Parallel Programming},
  pages={312--323},
  year={2008},
  publisher={Springer}
}

@InProceedings{VBCG_HPCS14,
   author =       {S. Varrette and P. Bouvry and H. Cartiaux and F. Georgatos},
   title =        {Management of an Academic HPC Cluster: The UL Experience},
   booktitle =    {Proc. of the 2014 Intl. Conf. on High Performance Computing \& Simulation (HPCS 2014)},
   year =         {2014},
   pages =        {959--967},
   month =        {July},
   address =      {Bologna, Italy},
   publisher =    {IEEE},
}
@article{heirendt2016distributedfba,
  title={DistributedFBA. jl: High-level, high-performance flux balance analysis in Julia},
  author={Heirendt, Laurent and Fleming, Ronan MT and Thiele, Ines},
  journal={arXiv preprint arXiv:1611.04743},
  year={2016}
}